3225 5400
1519 227 1619 298 55

539 423 756 489 Altero
821 426 990 488 bello
1047 447 1221 488 sacro
1285 425 1474 516 Chios
1521 427 1881 489 abstinuisse
1907 471 1929 501 ,
1997 427 2179 491 docet
2222 428 2665 492 Demosthenes
2712 429 2853 513 (pro

267 563 495 604 corona
537 563 604 624 p.
627 527 801 618 8⁰5,
848 544 1127 628 Reiske).

536 709 577 793 ἓ
618 700 725 774 20.
823 711 966 788 Quo
1011 697 1302 792 'tempore
1343 709 1698 774 Alexander
1751 710 1861 772 ille
1906 711 2165 794 Magnus
2226 712 2289 772 in
2334 712 2541 794 Asiam
2584 712 2849 796 trajecit,

270 826 404 888 duae
459 827 749 888 factiones
808 817 1027 889 Chium
1069 828 1132 889 in
1186 828 1457 891 diversas
1509 835 1714 911 partes
1752 829 2087 892 distrahere
2137 823 2530 894 conabantur.
2637 832 2853 894 Altera

265 944 652 1028 popularium
701 944 1035 1007 Alexandri
1092 947 1276 1007 rebus
1299 991 1320 1020 ,
1399 947 1590 1009 altera
1646 948 2023 1029 optimatium
2062 949 2252 1010 Dario
2296 950 2558 1012 favebat.
2647 951 2845 1031 Supe-

261 1064 410 1125 ratis
457 1063 533 1124 ad
577 1063 902 1125 Granicum
946 1064 1155 1125 Persis
1177 1108 1198 1137 ,
1270 1066 1462 1127 omnis
1510 1067 1641 1126 fere
1687 1066 1873 1127 Jonia
1910 1066 2262 1128 Alexandro
2306 1089 2373 1144 se
2414 1074 2634 1148 sponte
2676 1065 2847 1127 dedit

271 1181 472 1265 (Plut.
532 1180 715 1244 Alex.
771 1203 829 1242 e.
892 1181 1131 1264 xvll).
1257 1183 1403 1243 Sine
1467 1182 1654 1244 dubio
1717 1183 1897 1244 etiam
1954 1184 2169 1246 Chius.
2256 1184 2413 1247 Nam
2465 1205 2543 1244 ex
2604 1181 2848 1243 Arriani
2892 1201 2903 1208 “

260 1299 308 1360 l.
354 1299 490 1373 ΠΙ,
538 1301 582 1362 2
628 1298 668 1382 ξ
714 1300 760 1361 6
797 1299 1184 1381 perspicuum
1229 1307 1359 1374 est,
1406 1301 1626 1362 Chium
1675 1303 1845 1383 prius
1888 1304 1953 1363 in
1974 1309 2301 1384 potestate
2344 1302 2529 1363 fuisse
2574 1298 2845 1361 Alexan·

261 1417 393 1490 dri,
465 1440 641 1500 quam
706 1439 742 1478 a
799 1417 1126 1478 Memnone
1182 1427 1606 1500 occuparetur.
1726 1420 1974 1482 Memno
2039 1420 2240 1493 enim,
2312 1421 2410 1481 eui
2451 1419 2673 1479 Darius
2730 1439 2843 1479 rex
2901 1485 2910 1488 ,

256 1535 576 1617 imperium
617 1534 802 1596 totius
854 1535 1156 1596 exercitus
1203 1536 1432 1596 navalis
1479 1545 1542 1596 et
1598 1557 1721 1598 orae
1768 1538 2079 1599 maritimae
2134 1537 2421 1611 tradidit,
2484 1544 2555 1597 ut
2606 1535 2841 1597 bellum

265 1652 328 1714 in
371 1651 790 1716 Macedoniam
837 1660 900 1713 et
949 1652 1244 1714 Graeciam
1287 1661 1639 1730 averteret„
1678 1676 1893 1736 magna
1933 1655 2189 1737 pecunia
2235 1655 2589 1727 instructus,
2646 1653 2837 1714 colle·
2886 1677 2905 1687 ‘

255 1771 366 1832 ctis
402 1771 785 1831 mercenariis
828 1768 1117 1832 militibus
1159 1770 1462 1852 plurimis,
1514 1773 1802 1832 trecentis
1847 1773 2101 1834 navibus
2140 1773 2381 1834 armatis
2426 1771 2837 1832 strenuissime

249 1888 482 1950 bellum
525 1896 882 1970 persecutus
931 1897 1048 1949 est.
1148 1887 1368 1948 Chium
1436 1889 1682 1970 quidem
1724 1890 2069 1970 proditione
2096 1891 2211 1971 l3⁶)
2257 1879 2838 1970 traditam'oceupat

255 2007 521 2090 (Arrian.
570 2027 713 2087 exp.
763 2006 944 2068 Alex.
992 2006 1083 2078 11,
1133 2003 1266 2066 init.
1311 2006 1500 2066 Diod.
1551 2007 1680 2068 Sic.
1730 2007 1946 2081 XVII,
1990 2009 2077 2070 29
2124 2016 2187 2068 et
2230 2007 2365 2088 31).

520 2125 647 2186 Sed
691 2147 874 2207 quum
919 2124 1094 2185 brevi
1138 2131 1281 2205 post
1321 2125 1383 2185 in
1426 2123 1628 2187 Lesbo
1672 2132 1945 2185 mortuus
1992 2132 2180 2198 esset,
2226 2123 2722 2213 Autophradates
2770 2127 2835 2182 et

250 2241 705 2316 Pharnabazus,
749 2242 854 2325 qui
888 2243 948 2302 in
997 2241 1127 2323 ejus
1168 2242 1372 2302 locum
1419 2249 1837 2304 successerant
1885 2241 2129 2324 (Arrian
2170 2241 2260 2314 Π,
2296 2245 2363 2315 1,
2406 2242 2500 2324 5),
2545 2239 2830 2322 praesidio

248 2361 312 2420 in
354 2360 514 2423 Ch'io
563 2361 808 2433 relicto,
852 2345 972 2422 alio
1019 2381 1085 2419 se
1123 2367 1552 2421 converterunt
1595 2359 1863 2442 (Arrian.
1914 2359 2018 2433 11,
2068 2359 2189 2430 13,
2235 2358 2317 2430 43
2362 2358 2541 2419 Curt.
2593 2357 2711 2430 IV,
2760 2359 2827 2428 l,

247 2475 386 2559 37).
500 2477 785 2540 Nondum
835 2478 1036 2538 audita
1095 2485 1290 2538 morte
1335 2475 1716 2550 Memnonis,
1784 2454 2181 2550 Alexander,
2248 2485 2319 2538 ut
2363 2499 2396 2537 a
2439 2484 2615 2558 tergo
2661 2478 2827 2534 tutus

247 2602 435 2668 esset,
483 2596 919 2678 Amphoterum
963 2597 1140 2658 classi
1181 2597 1256 2656 ad
1302 2619 1467 2657 oram
1510 2595 1942 2676 Hellesponti,
1991 2594 2180 2675 copiis
2220 2594 2575 2676 praefecerat
2619 2591 2827 2674 Hege-

242 2712 487 2774 lochum
508 2758 530 2787 ,
614 2716 720 2797 qui
777 2715 1041 2777 Lesbum
1101 2723 1165 2775 et
1225 2715 1444 2776 Chium
1501 2722 1564 2801 et
1613 2714 1751 2775 Gon
1809 2714 2105 2795 praesidiis
2154 2712 2437 2774 ‚hostium
2494 2708 2828 2772 liberarent

245 2830 449 2913 (Gurt.
515 2831 652 2905 111,
720 2835 801 2905 1,
869 2834 1000 2915 19).
1125 2834 1331 2911 Quum
1397 2834 1473 2893 ad
1532 2833 1731 2894 Issum
1785 2830 2137 2892 Alexander
2208 2831 2428 2891 iterum
2497 2830 2823 2892 Persarum

241 2950 447 3032 copias
493 2950 788 3023 fudisset,
859 2950 1284 3012 Pharnabazus
1324 2950 1438 3011 hac
1481 2950 1653 3010 clade
1700 2949 1979 3030 cognita,
2026 2968 2104 3009 ne
2152 2948 2297 3032 quid
2343 2969 2380 3008 a
2425 2945 2595 3008 Chiis
2637 2965 2821 3023 nova·

237 3076 434 3141 retur,
481 3076 781 3142 metuens,
830 3066 960 3129 xll
1000 3070 1382 3143 triremibus,
1426 3068 1557 3130 MD
1599 3066 2314 3153 militibus-mercenariis
2364 3063 2580 3125 Chium
2614 3082 2820 3123 rever-

237 3186 387 3247 titur
463 3158 730 3267 (Arrian.
793 3188 900 3260 11,
968 3188 1092 3260 13,
1140 3188 1234 3270 6).
1329 3185 1544 3269 Neque
1606 3186 1660 3244 is
1721 3190 1918 3244 metus
1971 3204 2160 3244 vanus
2218 3183 2353 3245 fuit.
2456 3180 2598 3241 Jam
2658 3178 2817 3237 enim

236 3302 634 3386 Hegelochus
710 3311 774 3364 et
834 3302 1244 3386 AmPhoterus
1300 3302 1520 3368 Chium
1594 3300 1759 3361 ultro
1813 3300 2167 3361 vocantibus
2242 3298 2459 3359 incolis
2515 3315 2815 3377 occupare

234 3408 564 3507 parabaut3
648 3422 760 3483 sed
801 3420 1225 3485 Pharnabazus
1265 3418 1715 3511 comprehensis
1734 3460 1757 3492 ,
1804 3417 1909 3501 qui
1949 3438 2049 3479 res
2090 3416 2169 3478 acl
2201 3416 2570 3480 Macedones
2612 3412 2812 3475 trahe·

371 3748 472 3819 ¹⁸⁰)
542 3749 731 3817 Huius
764 3745 1096 3821 proditionis
1129 3746 1410 3819 principes
1446 3746 1679 3799 fuerunt
1709 3742 2107 3817 Apollonides,
2146 3740 2445 3804 Phesinus‚
2481 3740 2806 3809 Megareus,

225 3841 658 3915 Athenagoras,
711 3840 812 3896 ulii
864 3838 1115 3907 (Ari-ian.
1152 3842 1251 3904 111,
1289 3838 1343 3901 2,
1389 3838 1443 3903 (i,
1497 3841 1655 3892 Cnrt.
1691 3840 1786 3913 IY,
1821 3838 1904 3904 5).
1935 3864 2006 3876 —-
2046 3834 2211 3902 Apud
2247 3830 2545 3912 Ari-ianam
2589 3824 2806 3891 Φισινός

226 3934 445 4002 editum
481 3937 576 3989 sed
617 3942 922 4003 Φησινος
955 3932 1171 4007 habent
1202 3934 1313 3985 duo
1349 3930 1508 3983 numi
1544 3930 1674 3984 Chii
1712 3921 2046 4000 (quosinfra
2062 3923 2481 3994 descripsimus)
2520 3927 2576 3974 et
2604 3920 2806 3974 inscri-

221 4029 446 4100 ptiones
490 4030 609 4082 duae
661 4027 928 4097 (Boeekh
963 4026 1129 4096 Corp.
1175 4025 1338 4077 inser.
1367 4023 1474 4077 Gra
1507 4040 1562 4076 n.
1599 4021 1705 4075 407
1744 4029 1800 4074 et
1834 4018 2039 4086 2242„
2101 4018 2283 4070 altera
2318 4023 2505 4069 tamen
2551 4018 2801 4070 ΦΗΣΗ-

223 4124 420 4183 Nos,
455 4121 554 4172 sed
593 4136 659 4174 ea
697 4137 727 4172 e
763 4126 1020 4189 tempore
1057 4118 1480 4179 Romanorum3
1541 4113 1678 4166 inde
1715 4113 2025 4181 Φησῖνος
2055 4106 2421 4161 scribendum
2462 4123 2583 4159 esse
2615 4104 2798 4173 suspi-

223 4228 353 4273 (τοῖς
399 4211 535 4265 Jota
567 4211 626 4263 in
662 4210 981 4268 nominibus
1019 4206 1260 4279 propriis
1297 4206 1572 4261 similibus
1617 4206 1699 4272 (v.
1740 4223 1787 4257 c.
1821 4204 2103 4273 Χαρμῖνος
2143 4200 2564 4254 circumflexum
2600 4198 2791 4251 habet.

199 4304 314 4361 :Cf-
353 4301 590 4356 Boeckh
626 4303 666 4357 l.
704 4304 745 4359 l.
783 4310 858 4369 11,
900 4322 957 4373 p.
993 4301 1131 4368 21⁰3
1191 4300 1288 4370 qui
1323 4298 1466 4353 mire
1500 4294 1720 4367 ingenii
1754 4296 1974 4349 lusibus
2009 4294 2307 4347 indulsisse
2341 4293 2585 4357 videtur,
2621 4304 2795 4359 quum
2840 4355 2843 4361 ι

219 4395 342 4449 sine
393 4394 519 4447 ulla
563 4410 735 4449 causa
780 4395 1127 4467 suspicetur,
1191 4392 1486 4443 Phesinum
1536 4390 1693 4441 illum
1747 4387 1942 4448 (inser.
1992 4404 2066 4452 n.x
2097 4386 2201 4467 5107
2238 4384 2617 4449 nominatum)
2675 4397 2793 4433 esse

221 4486 492 4541 asseclam
539 4485 744 4553 (immo
787 4476 1076 4554 hosteml)
1162 4482 1499 4545 Alexandr1‘3
1584 4478 1787 4533 deindo
1832 4484 1899 4532 ut
1941 4477 2182 4533 nominis
2230 4484 2477 4550 etymum
2530 4472 2795 4541 explicet,

219 4581 293 4634 ad
328 4597 450 4633 rem
487 4577 880 4632 incredibilem
921 4576 1246 4648 confugiat,
1303 4593 1335 4627 c
1371 4572 1546 4628 fluvio
1586 4571 1831 4625 Phaside
1868 4589 2071 4626 nomen
2109 4570 2313 4625 Chium
2352 4564 2643 4636 antiquum
2684 4565 2785 4653 (εἰ,

215 4688 419 4726 numus
458 4690 510 4725 n.
547 4670 646 4740 30)
681 4672 999 4727 derivatum
1033 4686 1152 4724 osse
1186 4674 1455 4723 statuens.
