<?xml version="1.0" encoding="UTF-8"?>
<!DOCTYPE html PUBLIC "-//W3C//DTD XHTML 1.0 Transitional//EN"
    "http://www.w3.org/TR/xhtml1/DTD/xhtml1-transitional.dtd">
<html xmlns="http://www.w3.org/1999/xhtml" xml:lang="en" lang="en">
 <head>
  <title>
</title>
<meta http-equiv="Content-Type" content="text/html;charset=utf-8" />
  <meta name='ocr-system' content='tesseract 3.04.00' />
  <meta name='ocr-capabilities' content='ocr_page ocr_carea ocr_par ocr_line ocrx_word'/>
</head>
<body>
  <div class='ocr_page' id='page_1' title='image "./derebuschiorump00whitgoog_0072.png"; bbox 0 0 3225 5400; ppageno 0'>
   <div class='ocr_carea' id='block_1_1' title="bbox 1736 351 1836 467">
    <p class='ocr_par' dir='ltr' id='par_1_1' title="bbox 1736 351 1836 467">
     <span class='ocr_line' id='line_1_1' title="bbox 1736 351 1836 467; baseline 0 0"><span class='ocrx_word' id='word_1_1' title='bbox 1736 351 1836 467; x_wconf 73' lang='lat'><strong>⁵12</strong></span> 
     </span>
    </p>
   </div>
   <div class='ocr_carea' id='block_1_2' title="bbox 501 515 3202 651">
    <p class='ocr_par' dir='ltr' id='par_1_2' title="bbox 501 515 3202 651">
     <span class='ocr_line' id='line_1_2' title="bbox 501 515 3202 651; baseline -0.002 -31"><span class='ocrx_word' id='word_1_2' title='bbox 501 556 598 620; x_wconf 86' lang='lat' dir='ltr'><strong>lus</strong></span> <span class='ocrx_word' id='word_1_3' title='bbox 641 554 953 630; x_wconf 78' lang='lat' dir='ltr'><strong>decrevit,</strong></span> <span class='ocrx_word' id='word_1_4' title='bbox 1018 561 1088 617; x_wconf 87' lang='lat' dir='ltr'><strong>ut</strong></span> <span class='ocrx_word' id='word_1_5' title='bbox 1129 552 1184 615; x_wconf 94' lang='lat' dir='ltr'><strong>C</strong></span> <span class='ocrx_word' id='word_1_6' title='bbox 1226 571 1410 615; x_wconf 85' lang='lat' dir='ltr'><strong>naves</strong></span> <span class='ocrx_word' id='word_1_7' title='bbox 1451 550 1928 625; x_wconf 58' lang='lat' dir='ltr'><strong>aedificarentur,</strong></span> <span class='ocrx_word' id='word_1_8' title='bbox 1998 557 2187 634; x_wconf 85' lang='lat' dir='ltr'><strong>utque</strong></span> <span class='ocrx_word' id='word_1_9' title='bbox 2228 548 2455 613; x_wconf 79' lang='lat' dir='ltr'><strong>Rhodii</strong></span> <span class='ocrx_word' id='word_1_10' title='bbox 2475 594 2496 624; x_wconf 92' lang='lat'><strong>,</strong></span> <span class='ocrx_word' id='word_1_11' title='bbox 2565 515 2746 625; x_wconf 87' lang='lat' dir='ltr'><strong>Chii,</strong></span> <span class='ocrx_word' id='word_1_12' title='bbox 2804 550 3097 636; x_wconf 77' lang='lat' dir='ltr'><strong>Byzantii</strong></span> <span class='ocrx_word' id='word_1_13' title='bbox 3199 632 3202 651; x_wconf 36' lang='grc'>1</span> 
     </span>
    </p>
   </div>
   <div class='ocr_carea' id='block_1_3' title="bbox 499 668 3202 751">
    <p class='ocr_par' dir='ltr' id='par_1_3' title="bbox 499 668 3202 753">
     <span class='ocr_line' id='line_1_3' title="bbox 499 668 3202 751; baseline -0.001 -17"><span class='ocrx_word' id='word_1_14' title='bbox 499 672 580 734; x_wconf 87' lang='lat' dir='ltr'><strong>ad</strong></span> <span class='ocrx_word' id='word_1_15' title='bbox 641 679 816 734; x_wconf 67' lang='lat' dir='ltr'><strong>sunm</strong></span> <span class='ocrx_word' id='word_1_16' title='bbox 879 672 1170 734; x_wconf 79' lang='lat' dir='ltr'><strong>auxilium</strong></span> <span class='ocrx_word' id='word_1_17' title='bbox 1217 669 1712 732; x_wconf 81' lang='lat' dir='ltr'><strong>sollicitarentur.</strong></span> <span class='ocrx_word' id='word_1_18' title='bbox 1801 671 1945 747; x_wconf 79' lang='lat' dir='ltr'><strong>Quo</strong></span> <span class='ocrx_word' id='word_1_19' title='bbox 1994 690 2071 729; x_wconf 83' lang='lat' dir='ltr'><strong>ex</strong></span> <span class='ocrx_word' id='word_1_20' title='bbox 2113 669 2363 730; x_wconf 87' lang='lat' dir='ltr'><strong>decreto</strong></span> <span class='ocrx_word' id='word_1_21' title='bbox 2408 668 2857 751; x_wconf 77' lang='lat' dir='ltr'><strong>Epaminondas</strong></span> <span class='ocrx_word' id='word_1_22' title='bbox 2904 672 3097 731; x_wconf 77' lang='lat' dir='ltr'><strong>esnis-</strong></span> <span class='ocrx_word' id='word_1_23' title='bbox 3200 672 3202 696; x_wconf 92' lang='lat'>&#39;</span> 
     </span>
    </p>
   </div>
   <div class='ocr_carea' id='block_1_4' title="bbox 493 786 3202 2049">
    <p class='ocr_par' dir='ltr' id='par_1_4' title="bbox 496 786 3077 989">
     <span class='ocr_line' id='line_1_4' title="bbox 497 786 3077 871; baseline -0.001 -20"><span class='ocrx_word' id='word_1_24' title='bbox 497 812 601 852; x_wconf 87' lang='lat' dir='ltr'><strong>sus</strong></span> <span class='ocrx_word' id='word_1_25' title='bbox 659 792 842 851; x_wconf 88' lang='lat' dir='ltr'><strong>urbes</strong></span> <span class='ocrx_word' id='word_1_26' title='bbox 896 791 1034 851; x_wconf 88' lang='lat' dir='ltr'><strong>illas</strong></span> <span class='ocrx_word' id='word_1_27' title='bbox 1059 832 1081 863; x_wconf 91' lang='lat'><strong>,</strong></span> <span class='ocrx_word' id='word_1_28' title='bbox 1147 808 1296 871; x_wconf 89' lang='lat' dir='ltr'><strong>quas</strong></span> <span class='ocrx_word' id='word_1_29' title='bbox 1353 787 1824 859; x_wconf 77' lang='lat' dir='ltr'><strong>nominavimus,</strong></span> <span class='ocrx_word' id='word_1_30' title='bbox 1894 786 2204 849; x_wconf 81' lang='lat' dir='ltr'><strong>Thebanis</strong></span> <span class='ocrx_word' id='word_1_31' title='bbox 2266 786 2620 849; x_wconf 72' lang='lat' dir='ltr'><strong>conciliasse</strong></span> <span class='ocrx_word' id='word_1_32' title='bbox 2688 787 2954 849; x_wconf 87' lang='lat' dir='ltr'><strong>traditur</strong></span> <span class='ocrx_word' id='word_1_33' title='bbox 3006 788 3077 871; x_wconf 77' lang='lat' dir='ltr'><strong>(a.</strong></span> 
     </span>
     <span class='ocr_line' id='line_1_5' title="bbox 496 894 2689 989; baseline -0.005 -18"><span class='ocrx_word' id='word_1_34' title='bbox 496 908 872 971; x_wconf 84' lang='lat' dir='ltr'><strong>CCCLXIV</strong></span> <span class='ocrx_word' id='word_1_35' title='bbox 915 929 972 967; x_wconf 87' lang='lat' dir='ltr'><strong>a.</strong></span> <span class='ocrx_word' id='word_1_36' title='bbox 1025 907 1205 989; x_wconf 82' lang='lat' dir='ltr'><strong>Chr.)</strong></span> <span class='ocrx_word' id='word_1_37' title='bbox 1251 905 1463 987; x_wconf 85' lang='lat' dir='ltr'><strong>(Diod.</strong></span> <span class='ocrx_word' id='word_1_38' title='bbox 1510 905 1637 965; x_wconf 86' lang='lat' dir='ltr'><strong>Sic.</strong></span> <span class='ocrx_word' id='word_1_39' title='bbox 1688 904 1835 977; x_wconf 87' lang='lat' dir='ltr'><strong>XV,</strong></span> <span class='ocrx_word' id='word_1_40' title='bbox 1884 906 2020 987; x_wconf 79' lang='lat'><strong>⁸79).</strong></span> <span class='ocrx_word' id='word_1_41' title='bbox 2670 894 2689 901; x_wconf 71' lang='grc'><em>”</em></span> 
     </span>
    </p>

    <p class='ocr_par' dir='ltr' id='par_1_5' title="bbox 493 1002 3202 2049">
     <span class='ocr_line' id='line_1_6' title="bbox 761 1002 3202 1108; baseline -0.002 -20"><span class='ocrx_word' id='word_1_42' title='bbox 761 1024 802 1108; x_wconf 68' lang='grc' dir='ltr'>ἓ</span> <span class='ocrx_word' id='word_1_43' title='bbox 844 1002 951 1087; x_wconf 68' lang='lat'><strong>1&#39;9.</strong></span> <span class='ocrx_word' id='word_1_44' title='bbox 1038 1024 1194 1085; x_wconf 89' lang='lat' dir='ltr'><strong>Post</strong></span> <span class='ocrx_word' id='word_1_45' title='bbox 1253 1022 1553 1104; x_wconf 88' lang='lat' dir='ltr'><strong>proelium</strong></span> <span class='ocrx_word' id='word_1_46' title='bbox 1609 1022 1689 1081; x_wconf 90' lang='lat' dir='ltr'><strong>ad</strong></span> <span class='ocrx_word' id='word_1_47' title='bbox 1748 1021 2113 1091; x_wconf 80' lang='lat' dir='ltr'><strong>Mantineam</strong></span> <span class='ocrx_word' id='word_1_48' title='bbox 2174 1002 2503 1103; x_wconf 71' lang='lat' dir='ltr'><strong>pugnatum</strong></span> <span class='ocrx_word' id='word_1_49' title='bbox 2564 1041 2663 1081; x_wconf 92' lang='lat' dir='ltr'><strong>res</strong></span> <span class='ocrx_word' id='word_1_50' title='bbox 2726 1021 3089 1083; x_wconf 64' lang='lat' dir='ltr'><strong>Graecorum</strong></span> <span class='ocrx_word' id='word_1_51' title='bbox 3200 1068 3202 1071; x_wconf 20' lang='grc' dir='ltr'><strong><em>ι</em></strong></span> 
     </span>
     <span class='ocr_line' id='line_1_7' title="bbox 495 1116 3202 1226; baseline -0.001 -21"><span class='ocrx_word' id='word_1_52' title='bbox 495 1143 707 1205; x_wconf 81' lang='lat' dir='ltr'><strong>accisae</strong></span> <span class='ocrx_word' id='word_1_53' title='bbox 748 1140 1243 1226; x_wconf 75' lang='lat' dir='ltr'><strong>tranquillitatem</strong></span> <span class='ocrx_word' id='word_1_54' title='bbox 1287 1160 1364 1199; x_wconf 83' lang='lat' dir='ltr'><strong>ex</strong></span> <span class='ocrx_word' id='word_1_55' title='bbox 1389 1139 1733 1199; x_wconf 82' lang='lat' dir='ltr'><strong>infirmitate</strong></span> <span class='ocrx_word' id='word_1_56' title='bbox 1776 1146 1974 1199; x_wconf 88' lang='lat' dir='ltr'><strong>natam</strong></span> <span class='ocrx_word' id='word_1_57' title='bbox 2016 1146 2410 1221; x_wconf 88' lang='lat' dir='ltr'><strong>pepererunt.</strong></span> <span class='ocrx_word' id='word_1_58' title='bbox 2495 1140 2708 1222; x_wconf 84' lang='lat' dir='ltr'><strong>Itaque</strong></span> <span class='ocrx_word' id='word_1_59' title='bbox 2744 1161 3091 1223; x_wconf 74' lang='lat' dir='ltr'><strong>quanquam</strong></span> <span class='ocrx_word' id='word_1_60' title='bbox 3200 1116 3202 1119; x_wconf 9' lang='grc' dir='ltr'><em>Α</em></span> 
     </span>
     <span class='ocr_line' id='line_1_8' title="bbox 495 1255 3088 1343; baseline -0.002 -19"><span class='ocrx_word' id='word_1_61' title='bbox 495 1261 899 1324; x_wconf 79' lang='lat' dir='ltr'><strong>Athenienses</strong></span> <span class='ocrx_word' id='word_1_62' title='bbox 959 1259 1360 1340; x_wconf 82' lang='lat' dir='ltr'><strong>principatum</strong></span> <span class='ocrx_word' id='word_1_63' title='bbox 1422 1258 1721 1340; x_wconf 77' lang='lat' dir='ltr'><strong>quendam</strong></span> <span class='ocrx_word' id='word_1_64' title='bbox 1780 1256 1977 1317; x_wconf 87' lang='lat' dir='ltr'><strong>adhuc</strong></span> <span class='ocrx_word' id='word_1_65' title='bbox 2031 1264 2241 1316; x_wconf 88' lang='lat' dir='ltr'><strong>tenere</strong></span> <span class='ocrx_word' id='word_1_66' title='bbox 2310 1255 2683 1343; x_wconf 36' lang='lat' dir='ltr'><strong>‚ridebantur</strong></span> <span class='ocrx_word' id='word_1_67' title='bbox 2758 1264 2821 1318; x_wconf 87' lang='lat' dir='ltr'><strong>et</strong></span> <span class='ocrx_word' id='word_1_68' title='bbox 2890 1259 3088 1323; x_wconf 84' lang='lat' dir='ltr'><strong>sociis</strong></span> 
     </span>
     <span class='ocr_line' id='line_1_9' title="bbox 497 1351 3090 1458; baseline -0.001 -19"><span class='ocrx_word' id='word_1_69' title='bbox 497 1385 566 1440; x_wconf 85' lang='lat' dir='ltr'><strong>ut</strong></span> <span class='ocrx_word' id='word_1_70' title='bbox 632 1384 808 1440; x_wconf 89' lang='lat' dir='ltr'><strong>antea</strong></span> <span class='ocrx_word' id='word_1_71' title='bbox 867 1382 1206 1458; x_wconf 72' lang='lat' dir='ltr'><strong>praeerant,</strong></span> <span class='ocrx_word' id='word_1_72' title='bbox 1256 1351 1449 1436; x_wconf 37' lang='lat' dir='ltr'><strong>&#39;vires</strong></span> <span class='ocrx_word' id='word_1_73' title='bbox 1508 1382 1709 1435; x_wconf 89' lang='lat' dir='ltr'><strong>tamen</strong></span> <span class='ocrx_word' id='word_1_74' title='bbox 1780 1394 1990 1433; x_wconf 90' lang='lat' dir='ltr'><strong>eorum</strong></span> <span class='ocrx_word' id='word_1_75' title='bbox 2050 1393 2293 1456; x_wconf 87' lang='lat' dir='ltr'><strong>quoque</strong></span> <span class='ocrx_word' id='word_1_76' title='bbox 2368 1365 2691 1437; x_wconf 79' lang='lat' dir='ltr'><strong>admodum</strong></span> <span class='ocrx_word' id='word_1_77' title='bbox 2757 1375 3090 1437; x_wconf 62' lang='lat' dir='ltr'><strong>debilitatae</strong></span> 
     </span>
     <span class='ocr_line' id='line_1_10' title="bbox 497 1491 3084 1575; baseline -0.001 -19"><span class='ocrx_word' id='word_1_78' title='bbox 497 1503 693 1557; x_wconf 87' lang='lat' dir='ltr'><strong>erant.</strong></span> <span class='ocrx_word' id='word_1_79' title='bbox 779 1495 921 1563; x_wconf 83' lang='lat' dir='ltr'><strong>Jam</strong></span> <span class='ocrx_word' id='word_1_80' title='bbox 961 1492 1072 1553; x_wconf 90' lang='lat' dir='ltr'><strong>illo</strong></span> <span class='ocrx_word' id='word_1_81' title='bbox 1109 1491 1383 1565; x_wconf 83' lang='lat' dir='ltr'><strong>foedere,</strong></span> <span class='ocrx_word' id='word_1_82' title='bbox 1426 1492 1592 1575; x_wconf 86' lang='lat' dir='ltr'><strong>quod</strong></span> <span class='ocrx_word' id='word_1_83' title='bbox 1640 1513 1776 1552; x_wconf 86' lang='lat' dir='ltr'><strong>cum</strong></span> <span class='ocrx_word' id='word_1_84' title='bbox 1809 1491 2227 1572; x_wconf 71' lang='lat' dir='ltr'><strong>Epaminonda</strong></span> <span class='ocrx_word' id='word_1_85' title='bbox 2266 1492 2481 1551; x_wconf 87' lang='lat' dir='ltr'><strong>initum</strong></span> <span class='ocrx_word' id='word_1_86' title='bbox 2524 1512 2659 1553; x_wconf 89' lang='lat' dir='ltr'><strong>csse</strong></span> <span class='ocrx_word' id='word_1_87' title='bbox 2706 1514 2889 1575; x_wconf 77' lang='lat' dir='ltr'><strong>supra</strong></span> <span class='ocrx_word' id='word_1_88' title='bbox 2920 1494 3084 1554; x_wconf 82' lang='lat' dir='ltr'><strong>vidi-</strong></span> 
     </span>
     <span class='ocr_line' id='line_1_11' title="bbox 493 1608 3089 1692; baseline -0.002 -18"><span class='ocrx_word' id='word_1_89' title='bbox 493 1634 656 1686; x_wconf 85' lang='lat' dir='ltr'><strong>mus,</strong></span> <span class='ocrx_word' id='word_1_90' title='bbox 725 1611 892 1685; x_wconf 86' lang='lat' dir='ltr'><strong>Chii,</strong></span> <span class='ocrx_word' id='word_1_91' title='bbox 937 1608 1195 1683; x_wconf 84' lang='lat' dir='ltr'><strong>Rhodii,</strong></span> <span class='ocrx_word' id='word_1_92' title='bbox 1253 1610 1529 1692; x_wconf 80' lang='lat' dir='ltr'><strong>Byzantii</strong></span> <span class='ocrx_word' id='word_1_93' title='bbox 1571 1609 1825 1691; x_wconf 88' lang='lat' dir='ltr'><strong>imperio</strong></span> <span class='ocrx_word' id='word_1_94' title='bbox 1870 1608 2328 1669; x_wconf 75' lang='lat' dir='ltr'><strong>Atheniensium</strong></span> <span class='ocrx_word' id='word_1_95' title='bbox 2366 1630 2432 1669; x_wconf 90' lang='lat' dir='ltr'><strong>se</strong></span> <span class='ocrx_word' id='word_1_96' title='bbox 2469 1610 2833 1673; x_wconf 79' lang='lat' dir='ltr'><strong>subtrahere</strong></span> <span class='ocrx_word' id='word_1_97' title='bbox 2880 1610 3089 1669; x_wconf 86' lang='lat' dir='ltr'><strong>eonati</strong></span> 
     </span>
     <span class='ocr_line' id='line_1_12' title="bbox 494 1725 3087 1821; baseline -0.001 -29"><span class='ocrx_word' id='word_1_98' title='bbox 494 1750 631 1792; x_wconf 90' lang='lat' dir='ltr'><strong>esse</strong></span> <span class='ocrx_word' id='word_1_99' title='bbox 677 1729 983 1792; x_wconf 82' lang='lat' dir='ltr'><strong>videntur.</strong></span> <span class='ocrx_word' id='word_1_100' title='bbox 1096 1728 1286 1805; x_wconf 81' lang='lat' dir='ltr'><strong>Quod</strong></span> <span class='ocrx_word' id='word_1_101' title='bbox 1324 1727 1637 1788; x_wconf 85' lang='lat' dir='ltr'><strong>servitutis</strong></span> <span class='ocrx_word' id='word_1_102' title='bbox 1675 1725 1889 1807; x_wconf 78' lang='lat' dir='ltr'><strong>jugum</strong></span> <span class='ocrx_word' id='word_1_103' title='bbox 1927 1748 2113 1808; x_wconf 90' lang='lat' dir='ltr'><strong>quum</strong></span> <span class='ocrx_word' id='word_1_104' title='bbox 2157 1726 2585 1800; x_wconf 81' lang='lat' dir='ltr'><strong>Athenienses,</strong></span> <span class='ocrx_word' id='word_1_105' title='bbox 2642 1727 3087 1821; x_wconf 73' lang='lat' dir='ltr'><strong>Epaminondae</strong></span> 
     </span>
     <span class='ocr_line' id='line_1_13' title="bbox 493 1843 3082 1927; baseline -0.002 -16"><span class='ocrx_word' id='word_1_106' title='bbox 493 1855 691 1911; x_wconf 82' lang='lat' dir='ltr'><strong>morte</strong></span> <span class='ocrx_word' id='word_1_107' title='bbox 737 1854 802 1907; x_wconf 87' lang='lat' dir='ltr'><strong>et</strong></span> <span class='ocrx_word' id='word_1_108' title='bbox 846 1845 1166 1927; x_wconf 84' lang='lat' dir='ltr'><strong>Pelopidae</strong></span> <span class='ocrx_word' id='word_1_109' title='bbox 1210 1845 1514 1905; x_wconf 87' lang='lat' dir='ltr'><strong>diminutis</strong></span> <span class='ocrx_word' id='word_1_110' title='bbox 1563 1844 1993 1905; x_wconf 88' lang='lat' dir='ltr'><strong>Thebanorum</strong></span> <span class='ocrx_word' id='word_1_111' title='bbox 2043 1843 2259 1924; x_wconf 89' lang='lat' dir='ltr'><strong>opibus</strong></span> <span class='ocrx_word' id='word_1_112' title='bbox 2280 1887 2302 1918; x_wconf 90' lang='lat'><strong>,</strong></span> <span class='ocrx_word' id='word_1_113' title='bbox 2346 1844 2468 1905; x_wconf 87' lang='lat' dir='ltr'><strong>illis</strong></span> <span class='ocrx_word' id='word_1_114' title='bbox 2518 1845 2717 1905; x_wconf 89' lang='lat' dir='ltr'><strong>denuo</strong></span> <span class='ocrx_word' id='word_1_115' title='bbox 2764 1846 3082 1925; x_wconf 84' lang='lat' dir='ltr'><strong>imponere</strong></span> 
     </span>
     <span class='ocr_line' id='line_1_14' title="bbox 494 1961 3087 2049; baseline -0 -24"><span class='ocrx_word' id='word_1_116' title='bbox 494 1964 835 2036; x_wconf 84' lang='lat' dir='ltr'><strong>studerent,</strong></span> <span class='ocrx_word' id='word_1_117' title='bbox 879 1962 1114 2023; x_wconf 89' lang='lat' dir='ltr'><strong>bellum</strong></span> <span class='ocrx_word' id='word_1_118' title='bbox 1139 1962 1388 2034; x_wconf 88' lang='lat' dir='ltr'><strong>sociale,</strong></span> <span class='ocrx_word' id='word_1_119' title='bbox 1423 1961 1587 2043; x_wconf 87' lang='lat' dir='ltr'><strong>quod</strong></span> <span class='ocrx_word' id='word_1_120' title='bbox 1619 1981 1733 2043; x_wconf 87' lang='lat' dir='ltr'><strong>per</strong></span> <span class='ocrx_word' id='word_1_121' title='bbox 1766 1961 2085 2021; x_wconf 87' lang='lat' dir='ltr'><strong>triennium</strong></span> <span class='ocrx_word' id='word_1_122' title='bbox 2124 1970 2358 2049; x_wconf 74' lang='lat' dir='ltr'><strong>gestum</strong></span> <span class='ocrx_word' id='word_1_123' title='bbox 2386 1968 2504 2035; x_wconf 88' lang='lat' dir='ltr'><strong>est,</strong></span> <span class='ocrx_word' id='word_1_124' title='bbox 2540 1962 2789 2035; x_wconf 85' lang='lat' dir='ltr'><strong>exarsit,</strong></span> <span class='ocrx_word' id='word_1_125' title='bbox 2829 1969 3087 2024; x_wconf 88' lang='lat' dir='ltr'><strong>auctore</strong></span> 
     </span>
    </p>
   </div>
   <div class='ocr_carea' id='block_1_5' title="bbox 461 2078 3086 2163">
    <p class='ocr_par' dir='ltr' id='par_1_6' title="bbox 461 2078 3086 2163">
     <span class='ocr_line' id='line_1_15' title="bbox 461 2078 3086 2163; baseline -0.003 -16"><span class='ocrx_word' id='word_1_126' title='bbox 461 2082 783 2163; x_wconf 71' lang='lat' dir='ltr'><strong>imprimis</strong></span> <span class='ocrx_word' id='word_1_127' title='bbox 824 2080 1137 2156; x_wconf 82' lang='lat' dir='ltr'><strong>Maussolo</strong></span> <span class='ocrx_word' id='word_1_128' title='bbox 1181 2080 1373 2143; x_wconf 83' lang='lat' dir='ltr'><strong>Carioe</strong></span> <span class='ocrx_word' id='word_1_129' title='bbox 1410 2099 1583 2160; x_wconf 81' lang='lat' dir='ltr'><strong>rege,</strong></span> <span class='ocrx_word' id='word_1_130' title='bbox 1630 2078 1734 2160; x_wconf 87' lang='lat' dir='ltr'><strong>qui</strong></span> <span class='ocrx_word' id='word_1_131' title='bbox 1782 2079 2020 2152; x_wconf 91' lang='lat' dir='ltr'><strong>socios,</strong></span> <span class='ocrx_word' id='word_1_132' title='bbox 2070 2100 2222 2161; x_wconf 86' lang='lat' dir='ltr'><strong>quos</strong></span> <span class='ocrx_word' id='word_1_133' title='bbox 2263 2078 2695 2142; x_wconf 86' lang='lat' dir='ltr'><strong>nominavimus</strong></span> <span class='ocrx_word' id='word_1_134' title='bbox 2717 2121 2738 2152; x_wconf 89' lang='lat'><strong>,</strong></span> <span class='ocrx_word' id='word_1_135' title='bbox 2782 2086 2852 2139; x_wconf 87' lang='lat' dir='ltr'><strong>nt</strong></span> <span class='ocrx_word' id='word_1_136' title='bbox 2890 2080 3086 2141; x_wconf 83' lang='lat' dir='ltr'><strong>liher-</strong></span> 
     </span>
    </p>
   </div>
   <div class='ocr_carea' id='block_1_6' title="bbox 492 2195 3202 2280">
    <p class='ocr_par' dir='ltr' id='par_1_7' title="bbox 492 2195 3202 2280">
     <span class='ocr_line' id='line_1_16' title="bbox 492 2195 3202 2280; baseline -0.001 -18"><span class='ocrx_word' id='word_1_137' title='bbox 492 2207 680 2262; x_wconf 87' lang='lat' dir='ltr'><strong>tatem</strong></span> <span class='ocrx_word' id='word_1_138' title='bbox 721 2205 1038 2260; x_wconf 88' lang='lat' dir='ltr'><strong>tuerentur</strong></span> <span class='ocrx_word' id='word_1_139' title='bbox 1058 2242 1079 2272; x_wconf 94' lang='lat'><strong>,</strong></span> <span class='ocrx_word' id='word_1_140' title='bbox 1152 2196 1546 2280; x_wconf 74' lang='lat' dir='ltr'><strong>impellebat3</strong></span> <span class='ocrx_word' id='word_1_141' title='bbox 1631 2208 1844 2256; x_wconf 61' lang='lat' dir='ltr'><strong>revera</strong></span> <span class='ocrx_word' id='word_1_142' title='bbox 1886 2202 1956 2255; x_wconf 87' lang='lat' dir='ltr'><strong>ut</strong></span> <span class='ocrx_word' id='word_1_143' title='bbox 1995 2195 2201 2257; x_wconf 73' lang='lat' dir='ltr'><strong>fractis</strong></span> <span class='ocrx_word' id='word_1_144' title='bbox 2243 2196 2473 2258; x_wconf 80' lang='lat' dir='ltr'><strong>viribus</strong></span> <span class='ocrx_word' id='word_1_145' title='bbox 2515 2203 2581 2257; x_wconf 89' lang='lat' dir='ltr'><strong>et</strong></span> <span class='ocrx_word' id='word_1_146' title='bbox 2621 2195 3084 2260; x_wconf 76' lang='lat' dir='ltr'><strong>Atheniensium</strong></span> <span class='ocrx_word' id='word_1_147' title='bbox 3200 2212 3202 2215; x_wconf 70' lang='lat'>‘</span> 
     </span>
    </p>
   </div>
   <div class='ocr_carea' id='block_1_7' title="bbox 493 2313 3077 2755">
    <p class='ocr_par' dir='ltr' id='par_1_8' title="bbox 493 2313 3077 2755">
     <span class='ocr_line' id='line_1_17' title="bbox 494 2313 3074 2399; baseline -0.001 -19"><span class='ocrx_word' id='word_1_148' title='bbox 494 2327 558 2381; x_wconf 91' lang='lat' dir='ltr'><strong>et</strong></span> <span class='ocrx_word' id='word_1_149' title='bbox 613 2319 912 2380; x_wconf 89' lang='lat' dir='ltr'><strong>sociorum</strong></span> <span class='ocrx_word' id='word_1_150' title='bbox 932 2360 955 2389; x_wconf 93' lang='lat'><strong>,</strong></span> <span class='ocrx_word' id='word_1_151' title='bbox 1045 2338 1184 2377; x_wconf 88' lang='lat' dir='ltr'><strong>suas</strong></span> <span class='ocrx_word' id='word_1_152' title='bbox 1244 2316 1377 2397; x_wconf 89' lang='lat' dir='ltr'><strong>ipse</strong></span> <span class='ocrx_word' id='word_1_153' title='bbox 1439 2333 1589 2395; x_wconf 88' lang='lat' dir='ltr'><strong>opes</strong></span> <span class='ocrx_word' id='word_1_154' title='bbox 1654 2320 1902 2397; x_wconf 75' lang='lat' dir='ltr'><strong>augeret</strong></span> <span class='ocrx_word' id='word_1_155' title='bbox 1917 2356 1940 2387; x_wconf 93' lang='lat'><strong>,</strong></span> <span class='ocrx_word' id='word_1_156' title='bbox 2026 2313 2328 2396; x_wconf 87' lang='lat' dir='ltr'><strong>sociisque</strong></span> <span class='ocrx_word' id='word_1_157' title='bbox 2380 2313 2726 2375; x_wconf 88' lang='lat' dir='ltr'><strong>libertatem</strong></span> <span class='ocrx_word' id='word_1_158' title='bbox 2782 2315 3074 2399; x_wconf 87' lang='lat' dir='ltr'><strong>eriperet.</strong></span> 
     </span>
     <span class='ocr_line' id='line_1_18' title="bbox 494 2430 3069 2515; baseline -0.002 -18"><span class='ocrx_word' id='word_1_159' title='bbox 494 2435 683 2514; x_wconf 81' lang='lat' dir='ltr'><strong>Quod</strong></span> <span class='ocrx_word' id='word_1_160' title='bbox 735 2442 799 2495; x_wconf 90' lang='lat' dir='ltr'><strong>et:</strong></span> <span class='ocrx_word' id='word_1_161' title='bbox 855 2433 989 2515; x_wconf 87' lang='lat' dir='ltr'><strong>ipse</strong></span> <span class='ocrx_word' id='word_1_162' title='bbox 1051 2434 1117 2494; x_wconf 87' lang='lat' dir='ltr'><strong>in</strong></span> <span class='ocrx_word' id='word_1_163' title='bbox 1157 2432 1418 2495; x_wconf 85' lang='lat' dir='ltr'><strong>Rhodiis</strong></span> <span class='ocrx_word' id='word_1_164' title='bbox 1475 2430 1718 2515; x_wconf 87' lang='lat' dir='ltr'><strong>quidem</strong></span> <span class='ocrx_word' id='word_1_165' title='bbox 1762 2430 2055 2503; x_wconf 86' lang='lat' dir='ltr'><strong>tentavit,</strong></span> <span class='ocrx_word' id='word_1_166' title='bbox 2121 2430 2184 2503; x_wconf 86' lang='lat' dir='ltr'><strong>in</strong></span> <span class='ocrx_word' id='word_1_167' title='bbox 2247 2430 2467 2491; x_wconf 88' lang='lat' dir='ltr'><strong>ceteris</strong></span> <span class='ocrx_word' id='word_1_168' title='bbox 2510 2431 2766 2513; x_wconf 85' lang='lat' dir='ltr'><strong>posthac</strong></span> <span class='ocrx_word' id='word_1_169' title='bbox 2808 2439 3069 2493; x_wconf 83' lang='lat' dir='ltr'><strong>tentasse</strong></span> 
     </span>
     <span class='ocr_line' id='line_1_19' title="bbox 493 2523 3077 2624; baseline -0.001 -9"><span class='ocrx_word' id='word_1_170' title='bbox 493 2561 658 2615; x_wconf 86' lang='lat' dir='ltr'><strong>certe</strong></span> <span class='ocrx_word' id='word_1_171' title='bbox 699 2552 942 2614; x_wconf 83' lang='lat' dir='ltr'><strong>videtur</strong></span> <span class='ocrx_word' id='word_1_172' title='bbox 974 2551 1212 2612; x_wconf 88' lang='lat' dir='ltr'><strong>Idrieus</strong></span> <span class='ocrx_word' id='word_1_173' title='bbox 1235 2594 1256 2624; x_wconf 92' lang='lat'><strong>,</strong></span> <span class='ocrx_word' id='word_1_174' title='bbox 1321 2552 1511 2611; x_wconf 83' lang='lat' dir='ltr'><strong>frater</strong></span> <span class='ocrx_word' id='word_1_175' title='bbox 1557 2556 1621 2609; x_wconf 93' lang='lat' dir='ltr'><strong>et</strong></span> <span class='ocrx_word' id='word_1_176' title='bbox 1676 2523 1992 2609; x_wconf 83' lang='lat' dir='ltr'><strong>successor</strong></span> <span class='ocrx_word' id='word_1_177' title='bbox 2053 2547 2397 2609; x_wconf 62' lang='lat' dir='ltr'><strong>Artemisiae</strong></span> <span class='ocrx_word' id='word_1_178' title='bbox 2419 2591 2440 2621; x_wconf 96' lang='lat'><strong>,</strong></span> <span class='ocrx_word' id='word_1_179' title='bbox 2518 2551 2727 2611; x_wconf 86' lang='lat' dir='ltr'><strong>uxoris</strong></span> <span class='ocrx_word' id='word_1_180' title='bbox 2774 2551 3077 2613; x_wconf 81' lang='lat' dir='ltr'><strong>Maussoli</strong></span> 
     </span>
     <span class='ocr_line' id='line_1_20' title="bbox 493 2644 3073 2755; baseline -0 -22"><span class='ocrx_word' id='word_1_181' title='bbox 493 2662 840 2755; x_wconf 70' lang='lat' dir='ltr'><strong>(nemosth</strong></span> <span class='ocrx_word' id='word_1_182' title='bbox 901 2668 979 2729; x_wconf 75' lang='lat' dir='ltr'><strong>de</strong></span> <span class='ocrx_word' id='word_1_183' title='bbox 1036 2668 1146 2730; x_wconf 76' lang='lat' dir='ltr'><strong>lib.</strong></span> <span class='ocrx_word' id='word_1_184' title='bbox 1198 2667 1407 2731; x_wconf 73' lang='lat' dir='ltr'><strong>ahod.</strong></span> <span class='ocrx_word' id='word_1_185' title='bbox 1457 2666 1688 2731; x_wconf 69' lang='lat' dir='ltr'><strong>ueisloe</strong></span> <span class='ocrx_word' id='word_1_186' title='bbox 1733 2666 1807 2739; x_wconf 90' lang='lat'><strong>1,</strong></span> <span class='ocrx_word' id='word_1_187' title='bbox 1865 2668 2137 2748; x_wconf 78' lang='lat' dir='ltr'><strong>p.191,</strong></span> <span class='ocrx_word' id='word_1_188' title='bbox 2204 2665 2282 2728; x_wconf 82' lang='lat' dir='ltr'><strong>de</strong></span> <span class='ocrx_word' id='word_1_189' title='bbox 2328 2644 2479 2750; x_wconf 75' lang='lat' dir='ltr'><strong>pa&#39;ee</strong></span> <span class='ocrx_word' id='word_1_190' title='bbox 2519 2667 2722 2752; x_wconf 83' lang='lat'><strong>1,1›</strong></span> <span class='ocrx_word' id='word_1_191' title='bbox 2768 2670 2877 2734; x_wconf 94' lang='grc'><strong>63.</strong></span> <span class='ocrx_word' id='word_1_192' title='bbox 2970 2670 3073 2733; x_wconf 84' lang='lat' dir='ltr'><strong>cf.</strong></span> 
     </span>
    </p>
   </div>
   <div class='ocr_carea' id='block_1_8' title="bbox 490 2785 3078 2986">
    <p class='ocr_par' dir='ltr' id='par_1_9' title="bbox 490 2785 3045 2986">
     <span class='ocr_line' id='line_1_21' title="bbox 490 2785 1791 2872; baseline -0.006 -21"><span class='ocrx_word' id='word_1_193' title='bbox 490 2809 722 2872; x_wconf 72' lang='lat' dir='ltr'><strong>argum.</strong></span> <span class='ocrx_word' id='word_1_194' title='bbox 770 2792 926 2848; x_wconf 86' lang='lat' dir='ltr'><strong>orat.</strong></span> <span class='ocrx_word' id='word_1_195' title='bbox 972 2785 1048 2847; x_wconf 90' lang='lat' dir='ltr'><strong>de</strong></span> <span class='ocrx_word' id='word_1_196' title='bbox 1090 2785 1206 2848; x_wconf 85' lang='lat' dir='ltr'><strong>lib.</strong></span> <span class='ocrx_word' id='word_1_197' title='bbox 1243 2786 1455 2848; x_wconf 85' lang='lat' dir='ltr'><strong>Rhod.</strong></span> <span class='ocrx_word' id='word_1_198' title='bbox 1500 2785 1791 2865; x_wconf 82' lang='lat' dir='ltr'><strong>Libanii).</strong></span> 
     </span>
     <span class='ocr_line' id='line_1_22' title="bbox 757 2883 3078 2986; baseline 0 -20"><span class='ocrx_word' id='word_1_199' title='bbox 757 2904 971 2986; x_wconf 77' lang='lat' dir='ltr'><strong>Itaque</strong></span> <span class='ocrx_word' id='word_1_200' title='bbox 1015 2925 1201 2985; x_wconf 87' lang='lat' dir='ltr'><strong>quum</strong></span> <span class='ocrx_word' id='word_1_201' title='bbox 1246 2903 1412 2979; x_wconf 89' lang='lat' dir='ltr'><strong>Chii,</strong></span> <span class='ocrx_word' id='word_1_202' title='bbox 1469 2902 1727 2976; x_wconf 85' lang='lat' dir='ltr'><strong>Rhodii,</strong></span> <span class='ocrx_word' id='word_1_203' title='bbox 1770 2902 1913 2976; x_wconf 91' lang='lat' dir='ltr'><strong>Coi,</strong></span> <span class='ocrx_word' id='word_1_204' title='bbox 1955 2900 2230 2986; x_wconf 78' lang='lat' dir='ltr'><strong>Byzantii</strong></span> <span class='ocrx_word' id='word_1_205' title='bbox 2272 2883 2349 2963; x_wconf 86' lang='lat' dir='ltr'><strong>ab</strong></span> <span class='ocrx_word' id='word_1_206' title='bbox 2390 2903 2854 2966; x_wconf 80' lang='lat' dir='ltr'><strong>Atheniensibus</strong></span> <span class='ocrx_word' id='word_1_207' title='bbox 2898 2903 3078 2966; x_wconf 81' lang='lat' dir='ltr'><strong>defe-</strong></span> 
     </span>
    </p>
   </div>
   <div class='ocr_carea' id='block_1_9' title="bbox 473 3019 3075 4171">
    <p class='ocr_par' dir='ltr' id='par_1_10' title="bbox 473 3019 3075 4171">
     <span class='ocr_line' id='line_1_23' title="bbox 497 3019 3073 3100; baseline -0.002 -15"><span class='ocrx_word' id='word_1_208' title='bbox 497 3022 750 3097; x_wconf 84' lang='lat' dir='ltr'><strong>cissent,</strong></span> <span class='ocrx_word' id='word_1_209' title='bbox 794 3021 1025 3084; x_wconf 84' lang='lat' dir='ltr'><strong>Chares</strong></span> <span class='ocrx_word' id='word_1_210' title='bbox 1061 3029 1124 3081; x_wconf 87' lang='lat' dir='ltr'><strong>ct</strong></span> <span class='ocrx_word' id='word_1_211' title='bbox 1166 3020 1487 3100; x_wconf 84' lang='lat' dir='ltr'><strong>Chabrias,</strong></span> <span class='ocrx_word' id='word_1_212' title='bbox 1534 3022 1721 3082; x_wconf 87' lang='lat' dir='ltr'><strong>duces</strong></span> <span class='ocrx_word' id='word_1_213' title='bbox 1765 3019 2225 3082; x_wconf 85' lang='lat' dir='ltr'><strong>Atheniensium</strong></span> <span class='ocrx_word' id='word_1_214' title='bbox 2268 3041 2405 3082; x_wconf 86' lang='lat' dir='ltr'><strong>cum</strong></span> <span class='ocrx_word' id='word_1_215' title='bbox 2439 3021 2558 3083; x_wconf 86' lang='lat' dir='ltr'><strong>Lx</strong></span> <span class='ocrx_word' id='word_1_216' title='bbox 2594 3021 2826 3082; x_wconf 82' lang='lat' dir='ltr'><strong>navium</strong></span> <span class='ocrx_word' id='word_1_217' title='bbox 2865 3020 3073 3081; x_wconf 83' lang='lat' dir='ltr'><strong>classe</strong></span> 
     </span>
     <span class='ocr_line' id='line_1_24' title="bbox 493 3137 3073 3221; baseline -0.001 -19"><span class='ocrx_word' id='word_1_218' title='bbox 493 3148 704 3202; x_wconf 89' lang='lat' dir='ltr'><strong>contra</strong></span> <span class='ocrx_word' id='word_1_219' title='bbox 771 3159 880 3201; x_wconf 89' lang='lat' dir='ltr'><strong>eos</strong></span> <span class='ocrx_word' id='word_1_220' title='bbox 942 3139 1112 3199; x_wconf 88' lang='lat' dir='ltr'><strong>missi</strong></span> <span class='ocrx_word' id='word_1_221' title='bbox 1176 3145 1337 3201; x_wconf 87' lang='lat' dir='ltr'><strong>sunt.</strong></span> <span class='ocrx_word' id='word_1_222' title='bbox 1455 3139 1580 3217; x_wconf 78' lang='lat' dir='ltr'><strong>Qui</strong></span> <span class='ocrx_word' id='word_1_223' title='bbox 1618 3161 1804 3221; x_wconf 84' lang='lat' dir='ltr'><strong>quum</strong></span> <span class='ocrx_word' id='word_1_224' title='bbox 1844 3139 2103 3220; x_wconf 85' lang='lat' dir='ltr'><strong>primum</strong></span> <span class='ocrx_word' id='word_1_225' title='bbox 2140 3144 2353 3198; x_wconf 86' lang='lat' dir='ltr'><strong>contra</strong></span> <span class='ocrx_word' id='word_1_226' title='bbox 2395 3137 2615 3200; x_wconf 90' lang='lat' dir='ltr'><strong>Chium</strong></span> <span class='ocrx_word' id='word_1_227' title='bbox 2655 3139 3073 3220; x_wconf 72' lang='lat' dir='ltr'><strong>navigassent,</strong></span> 
     </span>
     <span class='ocr_line' id='line_1_25' title="bbox 491 3255 3075 3344; baseline 0.001 -26"><span class='ocrx_word' id='word_1_228' title='bbox 491 3257 718 3318; x_wconf 84' lang='lat' dir='ltr'><strong>auxilia</strong></span> <span class='ocrx_word' id='word_1_229' title='bbox 771 3263 860 3332; x_wconf 33' lang='lat' dir='ltr'><strong>et,</strong></span> <span class='ocrx_word' id='word_1_230' title='bbox 896 3278 933 3317; x_wconf 90' lang='lat' dir='ltr'><strong>a</strong></span> <span class='ocrx_word' id='word_1_231' title='bbox 977 3256 1281 3338; x_wconf 80' lang='lat' dir='ltr'><strong>Byzantiis</strong></span> <span class='ocrx_word' id='word_1_232' title='bbox 1344 3264 1408 3317; x_wconf 88' lang='lat' dir='ltr'><strong>et</strong></span> <span class='ocrx_word' id='word_1_233' title='bbox 1471 3276 1508 3318; x_wconf 89' lang='lat' dir='ltr'><strong>a</strong></span> <span class='ocrx_word' id='word_1_234' title='bbox 1541 3257 1800 3319; x_wconf 86' lang='lat' dir='ltr'><strong>Rhodiis</strong></span> <span class='ocrx_word' id='word_1_235' title='bbox 1862 3264 1935 3344; x_wconf 28' lang='lat' dir='ltr'><strong>et·</strong></span> <span class='ocrx_word' id='word_1_236' title='bbox 1980 3278 2018 3318; x_wconf 85' lang='lat' dir='ltr'><strong>a</strong></span> <span class='ocrx_word' id='word_1_237' title='bbox 2074 3257 2221 3318; x_wconf 87' lang='lat' dir='ltr'><strong>Cois</strong></span> <span class='ocrx_word' id='word_1_238' title='bbox 2264 3264 2328 3317; x_wconf 88' lang='lat' dir='ltr'><strong>et</strong></span> <span class='ocrx_word' id='word_1_239' title='bbox 2367 3279 2403 3316; x_wconf 91' lang='lat' dir='ltr'><strong>a</strong></span> <span class='ocrx_word' id='word_1_240' title='bbox 2442 3255 2755 3344; x_wconf 86' lang='lat' dir='ltr'><strong>Maussolo</strong></span> <span class='ocrx_word' id='word_1_241' title='bbox 2778 3299 2799 3329; x_wconf 94' lang='lat'><strong>,</strong></span> <span class='ocrx_word' id='word_1_242' title='bbox 2870 3255 3075 3320; x_wconf 80' lang='lat' dir='ltr'><strong>Cariae</strong></span> 
     </span>
     <span class='ocr_line' id='line_1_26' title="bbox 487 3372 3073 3463; baseline 0.001 -28"><span class='ocrx_word' id='word_1_243' title='bbox 487 3375 729 3436; x_wconf 83' lang='lat' dir='ltr'><strong>domino</strong></span> <span class='ocrx_word' id='word_1_244' title='bbox 751 3416 774 3447; x_wconf 92' lang='lat'><strong>,</strong></span> <span class='ocrx_word' id='word_1_245' title='bbox 831 3372 1014 3434; x_wconf 86' lang='lat' dir='ltr'><strong>missa</strong></span> <span class='ocrx_word' id='word_1_246' title='bbox 1076 3393 1210 3457; x_wconf 84' lang='lat' dir='ltr'><strong>quae</strong></span> <span class='ocrx_word' id='word_1_247' title='bbox 1254 3373 1420 3436; x_wconf 88' lang='lat' dir='ltr'><strong>Chiis</strong></span> <span class='ocrx_word' id='word_1_248' title='bbox 1480 3375 1805 3448; x_wconf 88' lang='lat' dir='ltr'><strong>adessent,</strong></span> <span class='ocrx_word' id='word_1_249' title='bbox 1861 3374 1949 3435; x_wconf 87' lang='lat' dir='ltr'><strong>ibi</strong></span> <span class='ocrx_word' id='word_1_250' title='bbox 1991 3372 2389 3435; x_wconf 84' lang='lat' dir='ltr'><strong>offenderunt.</strong></span> <span class='ocrx_word' id='word_1_251' title='bbox 2497 3376 2827 3463; x_wconf 79' lang='lat' dir='ltr'><strong>Dispositis</strong></span> <span class='ocrx_word' id='word_1_252' title='bbox 2874 3377 3073 3463; x_wconf 79' lang='lat' dir='ltr'><strong>copiis</strong></span> 
     </span>
     <span class='ocr_line' id='line_1_27' title="bbox 484 3467 3071 3575; baseline 0.001 -23"><span class='ocrx_word' id='word_1_253' title='bbox 484 3490 700 3552; x_wconf 86' lang='lat' dir='ltr'><strong>urbem</strong></span> <span class='ocrx_word' id='word_1_254' title='bbox 741 3497 906 3551; x_wconf 89' lang='lat' dir='ltr'><strong>terra</strong></span> <span class='ocrx_word' id='word_1_255' title='bbox 941 3491 1211 3574; x_wconf 88' lang='lat' dir='ltr'><strong>marique</strong></span> <span class='ocrx_word' id='word_1_256' title='bbox 1256 3492 1665 3554; x_wconf 86' lang='lat' dir='ltr'><strong>intercludere</strong></span> <span class='ocrx_word' id='word_1_257' title='bbox 1707 3500 1922 3575; x_wconf 88' lang='lat' dir='ltr'><strong>parant</strong></span> <span class='ocrx_word' id='word_1_258' title='bbox 1954 3467 2379 3554; x_wconf 83' lang='lat' dir='ltr'><strong>Athenienses.</strong></span> <span class='ocrx_word' id='word_1_259' title='bbox 2468 3493 2723 3568; x_wconf 81' lang='lat' dir='ltr'><strong>Chares,</strong></span> <span class='ocrx_word' id='word_1_260' title='bbox 2767 3493 3071 3574; x_wconf 84' lang='lat' dir='ltr'><strong>peditatui</strong></span> 
     </span>
     <span class='ocr_line' id='line_1_28' title="bbox 485 3605 3069 3698; baseline 0 -27"><span class='ocrx_word' id='word_1_261' title='bbox 485 3610 854 3693; x_wconf 81' lang='lat' dir='ltr'><strong>praefectus,</strong></span> <span class='ocrx_word' id='word_1_262' title='bbox 916 3629 1123 3669; x_wconf 90' lang='lat' dir='ltr'><strong>muros</strong></span> <span class='ocrx_word' id='word_1_263' title='bbox 1167 3609 1478 3684; x_wconf 87' lang='lat' dir='ltr'><strong>succedit,</strong></span> <span class='ocrx_word' id='word_1_264' title='bbox 1565 3618 1630 3671; x_wconf 87' lang='lat' dir='ltr'><strong>et</strong></span> <span class='ocrx_word' id='word_1_265' title='bbox 1671 3633 1807 3672; x_wconf 88' lang='lat' dir='ltr'><strong>cum</strong></span> <span class='ocrx_word' id='word_1_266' title='bbox 1850 3610 2020 3672; x_wconf 87' lang='lat' dir='ltr'><strong>Chiis</strong></span> <span class='ocrx_word' id='word_1_267' title='bbox 2066 3631 2144 3672; x_wconf 83' lang='lat' dir='ltr'><strong>cx</strong></span> <span class='ocrx_word' id='word_1_268' title='bbox 2187 3612 2341 3672; x_wconf 89' lang='lat' dir='ltr'><strong>urbe</strong></span> <span class='ocrx_word' id='word_1_269' title='bbox 2384 3610 2837 3694; x_wconf 86' lang='lat' dir='ltr'><strong>erumpentibus</strong></span> <span class='ocrx_word' id='word_1_270' title='bbox 2876 3605 3069 3698; x_wconf 69' lang='lat' dir='ltr'><strong>depu-</strong></span> 
     </span>
     <span class='ocr_line' id='line_1_29' title="bbox 479 3724 3063 3811; baseline 0 -23"><span class='ocrx_word' id='word_1_271' title='bbox 479 3735 663 3810; x_wconf 71' lang='lat' dir='ltr'><strong>gnat3</strong></span> <span class='ocrx_word' id='word_1_272' title='bbox 739 3724 1030 3796; x_wconf 81' lang='lat' dir='ltr'><strong>Chabrias</strong></span> <span class='ocrx_word' id='word_1_273' title='bbox 1083 3725 1147 3787; x_wconf 90' lang='lat' dir='ltr'><strong>in</strong></span> <span class='ocrx_word' id='word_1_274' title='bbox 1195 3734 1437 3808; x_wconf 88' lang='lat' dir='ltr'><strong>portum</strong></span> <span class='ocrx_word' id='word_1_275' title='bbox 1499 3728 1774 3790; x_wconf 85' lang='lat' dir='ltr'><strong>invectus</strong></span> <span class='ocrx_word' id='word_1_276' title='bbox 1835 3735 2013 3791; x_wconf 86' lang='lat' dir='ltr'><strong>atrox</strong></span> <span class='ocrx_word' id='word_1_277' title='bbox 2073 3728 2373 3811; x_wconf 87' lang='lat' dir='ltr'><strong>proelium</strong></span> <span class='ocrx_word' id='word_1_278' title='bbox 2434 3729 2647 3790; x_wconf 82' lang='lat' dir='ltr'><strong>navale</strong></span> <span class='ocrx_word' id='word_1_279' title='bbox 2713 3730 3063 3803; x_wconf 84' lang='lat' dir='ltr'><strong>committit,</strong></span> 
     </span>
     <span class='ocr_line' id='line_1_30' title="bbox 477 3843 3063 3934; baseline 0.001 -28"><span class='ocrx_word' id='word_1_280' title='bbox 477 3843 590 3906; x_wconf 87' lang='lat' dir='ltr'><strong>sed</strong></span> <span class='ocrx_word' id='word_1_281' title='bbox 633 3843 772 3914; x_wconf 82' lang='lat' dir='ltr'><strong>navi</strong></span> <span class='ocrx_word' id='word_1_282' title='bbox 805 3845 1020 3905; x_wconf 88' lang='lat' dir='ltr'><strong>rostris</strong></span> <span class='ocrx_word' id='word_1_283' title='bbox 1063 3844 1337 3926; x_wconf 84' lang='lat' dir='ltr'><strong>perfossa</strong></span> <span class='ocrx_word' id='word_1_284' title='bbox 1379 3845 1641 3908; x_wconf 85' lang='lat' dir='ltr'><strong>laborat.</strong></span> <span class='ocrx_word' id='word_1_285' title='bbox 1742 3847 1951 3909; x_wconf 89' lang='lat' dir='ltr'><strong>Ceteri</strong></span> <span class='ocrx_word' id='word_1_286' title='bbox 2004 3847 2246 3910; x_wconf 82' lang='lat' dir='ltr'><strong>navium</strong></span> <span class='ocrx_word' id='word_1_287' title='bbox 2268 3847 2477 3934; x_wconf 23' lang='lat' dir='ltr'><strong>‘duces</strong></span> <span class='ocrx_word' id='word_1_288' title='bbox 2521 3845 2793 3929; x_wconf 88' lang='lat' dir='ltr'><strong>periculo</strong></span> <span class='ocrx_word' id='word_1_289' title='bbox 2838 3847 3063 3908; x_wconf 89' lang='lat' dir='ltr'><strong>ceden-</strong></span> 
     </span>
     <span class='ocr_line' id='line_1_31' title="bbox 476 3961 3060 4052; baseline 0.001 -30"><span class='ocrx_word' id='word_1_290' title='bbox 476 3969 571 4022; x_wconf 88' lang='lat' dir='ltr'><strong>tes</strong></span> <span class='ocrx_word' id='word_1_291' title='bbox 613 3961 946 4023; x_wconf 88' lang='lat' dir='ltr'><strong>incolumes</strong></span> <span class='ocrx_word' id='word_1_292' title='bbox 1005 3962 1307 4052; x_wconf 79' lang='lat' dir='ltr'><strong>evadunt3</strong></span> <span class='ocrx_word' id='word_1_293' title='bbox 1363 3962 1470 4023; x_wconf 91' lang='lat' dir='ltr'><strong>ille</strong></span> <span class='ocrx_word' id='word_1_294' title='bbox 1533 3985 1683 4026; x_wconf 84' lang='lat' dir='ltr'><strong>vero</strong></span> <span class='ocrx_word' id='word_1_295' title='bbox 1750 3964 2065 4026; x_wconf 87' lang='lat' dir='ltr'><strong>honestam</strong></span> <span class='ocrx_word' id='word_1_296' title='bbox 2105 3971 2361 4026; x_wconf 89' lang='lat' dir='ltr'><strong>mortem</strong></span> <span class='ocrx_word' id='word_1_297' title='bbox 2402 3966 2565 4047; x_wconf 88' lang='lat' dir='ltr'><strong>turpi</strong></span> <span class='ocrx_word' id='word_1_298' title='bbox 2610 3966 2767 4046; x_wconf 71' lang='lat' dir='ltr'><strong>fugae</strong></span> <span class='ocrx_word' id='word_1_299' title='bbox 2806 3971 3060 4044; x_wconf 86' lang='lat' dir='ltr'><strong>antepo-</strong></span> 
     </span>
     <span class='ocr_line' id='line_1_32' title="bbox 473 4077 3056 4171; baseline 0.002 -33"><span class='ocrx_word' id='word_1_300' title='bbox 473 4098 662 4171; x_wconf 86' lang='lat' dir='ltr'><strong>nens,</strong></span> <span class='ocrx_word' id='word_1_301' title='bbox 730 4077 875 4139; x_wconf 88' lang='lat' dir='ltr'><strong>dum</strong></span> <span class='ocrx_word' id='word_1_302' title='bbox 915 4079 1240 4140; x_wconf 74' lang='lat' dir='ltr'><strong>fortissime</strong></span> <span class='ocrx_word' id='word_1_303' title='bbox 1282 4087 1510 4164; x_wconf 74' lang='lat' dir='ltr'><strong>pugnat</strong></span> <span class='ocrx_word' id='word_1_304' title='bbox 1526 4125 1552 4154; x_wconf 93' lang='lat'><strong>,</strong></span> <span class='ocrx_word' id='word_1_305' title='bbox 1618 4081 1747 4144; x_wconf 88' lang='lat' dir='ltr'><strong>telo</strong></span> <span class='ocrx_word' id='word_1_306' title='bbox 1811 4083 2133 4144; x_wconf 82' lang='lat' dir='ltr'><strong>transfixus</strong></span> <span class='ocrx_word' id='word_1_307' title='bbox 2168 4083 2453 4144; x_wconf 82' lang='lat' dir='ltr'><strong>moritur.</strong></span> <span class='ocrx_word' id='word_1_308' title='bbox 2482 4081 2603 4167; x_wconf 72' lang='lat'><strong>1²⁸1)</strong></span> <span class='ocrx_word' id='word_1_309' title='bbox 2685 4083 2900 4167; x_wconf 84' lang='lat' dir='ltr'><strong>Neque</strong></span> <span class='ocrx_word' id='word_1_310' title='bbox 2940 4081 3056 4143; x_wconf 90' lang='lat' dir='ltr'><strong>illo</strong></span> 
     </span>
    </p>
   </div>
   <div class='ocr_carea' id='block_1_10' title="bbox 469 4237 3059 4778">
    <p class='ocr_par' dir='ltr' id='par_1_11' title="bbox 469 4237 3059 4778">
     <span class='ocr_line' id='line_1_33' title="bbox 614 4237 3055 4312; baseline 0 -17"><span class='ocrx_word' id='word_1_311' title='bbox 614 4243 716 4311; x_wconf 82' lang='lat'>¹³¹)</span> <span class='ocrx_word' id='word_1_312' title='bbox 788 4242 952 4298; x_wconf 82' lang='lat' dir='ltr'><strong>Diod.</strong></span> <span class='ocrx_word' id='word_1_313' title='bbox 993 4244 1106 4298; x_wconf 85' lang='lat' dir='ltr'><strong>Sic.</strong></span> <span class='ocrx_word' id='word_1_314' title='bbox 1142 4241 1301 4308; x_wconf 86' lang='lat' dir='ltr'><strong>XVI,</strong></span> <span class='ocrx_word' id='word_1_315' title='bbox 1333 4241 1392 4302; x_wconf 81' lang='lat'><strong>⁷,</strong></span> <span class='ocrx_word' id='word_1_316' title='bbox 1433 4239 1509 4295; x_wconf 83' lang='lat' dir='ltr'><strong>cf.</strong></span> <span class='ocrx_word' id='word_1_317' title='bbox 1547 4259 1593 4295; x_wconf 85' lang='lat' dir='ltr'><strong>c.</strong></span> <span class='ocrx_word' id='word_1_318' title='bbox 1630 4239 1722 4295; x_wconf 81' lang='lat'><strong>21.</strong></span> <span class='ocrx_word' id='word_1_319' title='bbox 1794 4237 2089 4294; x_wconf 85' lang='lat' dir='ltr'><strong>Cornelius</strong></span> <span class='ocrx_word' id='word_1_320' title='bbox 2125 4241 2313 4312; x_wconf 82' lang='lat' dir='ltr'><strong>Nepos</strong></span> <span class='ocrx_word' id='word_1_321' title='bbox 2350 4239 2590 4308; x_wconf 83' lang='lat' dir='ltr'><strong>(Chabr.</strong></span> <span class='ocrx_word' id='word_1_322' title='bbox 2628 4259 2677 4296; x_wconf 86' lang='lat' dir='ltr'><strong>c.</strong></span> <span class='ocrx_word' id='word_1_323' title='bbox 2710 4243 2822 4311; x_wconf 75' lang='lat' dir='ltr'><strong>IV)</strong></span> <span class='ocrx_word' id='word_1_324' title='bbox 2863 4247 3055 4296; x_wconf 83' lang='lat' dir='ltr'><strong>tamen</strong></span> 
     </span>
     <span class='ocr_line' id='line_1_34' title="bbox 469 4330 3056 4406; baseline 0 -18"><span class='ocrx_word' id='word_1_325' title='bbox 469 4339 704 4398; x_wconf 79' lang='lat' dir='ltr'><strong>narrat,</strong></span> <span class='ocrx_word' id='word_1_326' title='bbox 760 4334 935 4388; x_wconf 80' lang='lat' dir='ltr'><strong>fuisse</strong></span> <span class='ocrx_word' id='word_1_327' title='bbox 970 4334 1280 4389; x_wconf 87' lang='lat' dir='ltr'><strong>Chabriam</strong></span> <span class='ocrx_word' id='word_1_328' title='bbox 1328 4330 1388 4385; x_wconf 91' lang='lat' dir='ltr'><strong>in</strong></span> <span class='ocrx_word' id='word_1_329' title='bbox 1429 4333 1611 4386; x_wconf 85' lang='lat' dir='ltr'><strong>classe</strong></span> <span class='ocrx_word' id='word_1_330' title='bbox 1659 4330 1991 4402; x_wconf 80' lang='lat' dir='ltr'><strong>privatum,</strong></span> <span class='ocrx_word' id='word_1_331' title='bbox 2058 4333 2156 4386; x_wconf 85' lang='lat' dir='ltr'><strong>sed</strong></span> <span class='ocrx_word' id='word_1_332' title='bbox 2192 4351 2423 4399; x_wconf 89' lang='lat' dir='ltr'><strong>omnes,</strong></span> <span class='ocrx_word' id='word_1_333' title='bbox 2486 4332 2582 4404; x_wconf 87' lang='lat' dir='ltr'><strong>qui</strong></span> <span class='ocrx_word' id='word_1_334' title='bbox 2620 4334 2677 4387; x_wconf 89' lang='lat' dir='ltr'><strong>in</strong></span> <span class='ocrx_word' id='word_1_335' title='bbox 2714 4335 3056 4406; x_wconf 82' lang='lat' dir='ltr'><strong>magistratu</strong></span> 
     </span>
     <span class='ocr_line' id='line_1_35' title="bbox 473 4423 3053 4498; baseline 0 -18"><span class='ocrx_word' id='word_1_336' title='bbox 473 4434 676 4490; x_wconf 87' lang='lat' dir='ltr'><strong>essent,</strong></span> <span class='ocrx_word' id='word_1_337' title='bbox 715 4427 1055 4482; x_wconf 79' lang='lat' dir='ltr'><strong>auctoritate</strong></span> <span class='ocrx_word' id='word_1_338' title='bbox 1083 4425 1344 4485; x_wconf 81' lang='lat' dir='ltr'><strong>anteisse,</strong></span> <span class='ocrx_word' id='word_1_339' title='bbox 1401 4441 1644 4493; x_wconf 88' lang='lat' dir='ltr'><strong>eumque</strong></span> <span class='ocrx_word' id='word_1_340' title='bbox 1677 4423 1856 4496; x_wconf 82' lang='lat' dir='ltr'><strong>magis</strong></span> <span class='ocrx_word' id='word_1_341' title='bbox 1890 4423 2121 4491; x_wconf 86' lang='lat' dir='ltr'><strong>milites,</strong></span> <span class='ocrx_word' id='word_1_342' title='bbox 2156 4441 2328 4496; x_wconf 84' lang='lat' dir='ltr'><strong>quam</strong></span> <span class='ocrx_word' id='word_1_343' title='bbox 2364 4425 2460 4495; x_wconf 87' lang='lat' dir='ltr'><strong>qui</strong></span> <span class='ocrx_word' id='word_1_344' title='bbox 2496 4434 2817 4498; x_wconf 63' lang='lat' dir='ltr'><strong>praeessent,</strong></span> <span class='ocrx_word' id='word_1_345' title='bbox 2852 4430 3053 4497; x_wconf 82' lang='lat' dir='ltr'><strong>adspe-</strong></span> 
     </span>
     <span class='ocr_line' id='line_1_36' title="bbox 471 4515 3059 4587; baseline 0.001 -15"><span class='ocrx_word' id='word_1_346' title='bbox 471 4516 635 4576; x_wconf 81' lang='lat' dir='ltr'><strong>xisse.</strong></span> <span class='ocrx_word' id='word_1_347' title='bbox 669 4546 738 4559; x_wconf 90' lang='lat'>—</span> <span class='ocrx_word' id='word_1_348' title='bbox 771 4518 1179 4572; x_wconf 86' lang='lat' dir='ltr'><strong>Demosthenes</strong></span> <span class='ocrx_word' id='word_1_349' title='bbox 1219 4515 1468 4587; x_wconf 73' lang='lat' dir='ltr'><strong>(Leptin.</strong></span> <span class='ocrx_word' id='word_1_350' title='bbox 1513 4534 1570 4586; x_wconf 75' lang='lat' dir='ltr'><strong>p,</strong></span> <span class='ocrx_word' id='word_1_351' title='bbox 1608 4515 1747 4581; x_wconf 77' lang='lat'><strong>481,</strong></span> <span class='ocrx_word' id='word_1_352' title='bbox 1783 4516 1869 4571; x_wconf 85' lang='lat' dir='ltr'><strong>ed.</strong></span> <span class='ocrx_word' id='word_1_353' title='bbox 1909 4515 2147 4584; x_wconf 78' lang='lat' dir='ltr'><strong>Reiske)</strong></span> <span class='ocrx_word' id='word_1_354' title='bbox 2183 4516 2391 4584; x_wconf 79' lang='lat' dir='ltr'><strong>tradit,</strong></span> <span class='ocrx_word' id='word_1_355' title='bbox 2455 4515 2609 4573; x_wconf 86' lang='lat' dir='ltr'><strong>inter</strong></span> <span class='ocrx_word' id='word_1_356' title='bbox 2644 4516 2951 4573; x_wconf 79' lang='lat' dir='ltr'><strong>Chabriam</strong></span> <span class='ocrx_word' id='word_1_357' title='bbox 3000 4529 3059 4576; x_wconf 86' lang='lat' dir='ltr'><strong>et</strong></span> 
     </span>
     <span class='ocr_line' id='line_1_37' title="bbox 474 4605 3054 4683; baseline 0.002 -21"><span class='ocrx_word' id='word_1_358' title='bbox 474 4608 652 4664; x_wconf 82' lang='lat' dir='ltr'><strong>Chios</strong></span> <span class='ocrx_word' id='word_1_359' title='bbox 722 4617 854 4664; x_wconf 80' lang='lat' dir='ltr'><strong>unte</strong></span> <span class='ocrx_word' id='word_1_360' title='bbox 909 4610 1054 4664; x_wconf 85' lang='lat' dir='ltr'><strong>illud</strong></span> <span class='ocrx_word' id='word_1_361' title='bbox 1087 4609 1324 4662; x_wconf 83' lang='lat' dir='ltr'><strong>&#39;bellum</strong></span> <span class='ocrx_word' id='word_1_362' title='bbox 1389 4605 1719 4662; x_wconf 84' lang='lat' dir='ltr'><strong>officiorum</strong></span> <span class='ocrx_word' id='word_1_363' title='bbox 1776 4609 2148 4679; x_wconf 80' lang='lat' dir='ltr'><strong>quorumdum</strong></span> <span class='ocrx_word' id='word_1_364' title='bbox 2207 4608 2660 4683; x_wconf 76' lang='lat' dir='ltr'><strong>conjunctionem</strong></span> <span class='ocrx_word' id='word_1_365' title='bbox 2704 4610 3054 4678; x_wconf 80' lang='lat' dir='ltr'><strong>interfuisse,</strong></span> 
     </span>
     <span class='ocr_line' id='line_1_38' title="bbox 470 4698 3055 4778; baseline 0.003 -24"><span class='ocrx_word' id='word_1_366' title='bbox 470 4698 752 4770; x_wconf 82' lang='lat' dir='ltr'><strong>Chiosque</strong></span> <span class='ocrx_word' id='word_1_367' title='bbox 791 4700 1049 4757; x_wconf 67' lang='lat' dir='ltr'><strong>Chabriae</strong></span> <span class='ocrx_word' id='word_1_368' title='bbox 1091 4703 1240 4755; x_wconf 86' lang='lat' dir='ltr'><strong>dona</strong></span> <span class='ocrx_word' id='word_1_369' title='bbox 1265 4698 1518 4771; x_wconf 75' lang='lat' dir='ltr'><strong>quautam</strong></span> <span class='ocrx_word' id='word_1_370' title='bbox 1550 4699 1769 4753; x_wconf 82' lang='lat' dir='ltr'><strong>dedisse</strong></span> <span class='ocrx_word' id='word_1_371' title='bbox 1798 4717 1977 4771; x_wconf 80' lang='lat' dir='ltr'><strong>neque</strong></span> <span class='ocrx_word' id='word_1_372' title='bbox 2007 4706 2200 4756; x_wconf 84' lang='lat' dir='ltr'><strong>tamen</strong></span> <span class='ocrx_word' id='word_1_373' title='bbox 2230 4702 2303 4756; x_wconf 86' lang='lat' dir='ltr'><strong>ob</strong></span> <span class='ocrx_word' id='word_1_374' title='bbox 2336 4701 2480 4778; x_wconf 73' lang='lat' dir='ltr'><strong>illud</strong></span> <span class='ocrx_word' id='word_1_375' title='bbox 2506 4703 2729 4758; x_wconf 82' lang='lat' dir='ltr'><strong>bellum</strong></span> <span class='ocrx_word' id='word_1_376' title='bbox 2760 4703 3055 4776; x_wconf 77' lang='lat' dir='ltr'><strong>eripuisse.</strong></span> 
     </span>
    </p>
   </div>
   <div class='ocr_carea' id='block_1_11' title="bbox 469 4785 2040 4864">
    <p class='ocr_par' dir='ltr' id='par_1_12' title="bbox 469 4785 2040 4864">
     <span class='ocr_line' id='line_1_39' title="bbox 469 4785 2040 4864; baseline -0.001 -15"><span class='ocrx_word' id='word_1_377' title='bbox 469 4795 606 4864; x_wconf 65' lang='lat' dir='ltr'><strong>Quae</strong></span> <span class='ocrx_word' id='word_1_378' title='bbox 644 4811 735 4850; x_wconf 75' lang='lat' dir='ltr'><strong>tes</strong></span> <span class='ocrx_word' id='word_1_379' title='bbox 768 4793 932 4851; x_wconf 79' lang='lat' dir='ltr'><strong>nobis</strong></span> <span class='ocrx_word' id='word_1_380' title='bbox 973 4799 1223 4848; x_wconf 84' lang='lat' dir='ltr'><strong>ceterum</strong></span> <span class='ocrx_word' id='word_1_381' title='bbox 1254 4792 1427 4864; x_wconf 78' lang='lat' dir='ltr'><strong>plane</strong></span> <span class='ocrx_word' id='word_1_382' title='bbox 1464 4789 1818 4862; x_wconf 80' lang='lat' dir='ltr'><strong>incomperta</strong></span> <span class='ocrx_word' id='word_1_383' title='bbox 1857 4785 1961 4848; x_wconf 71' lang='lat' dir='ltr'><strong>esi.</strong></span> <span class='ocrx_word' id='word_1_384' title='bbox 2031 4851 2040 4856; x_wconf 71' lang='grc'>,</span> 
     </span>
    </p>
   </div>
  </div>
 </body>
</html>
