3225 5400
1343 298 1490 407 '33

352 532 366 555 ⁸
389 547 393 549 ’
415 533 684 596 Posthac
749 532 1040 595 Histiaeus
1087 554 1124 595 a
1181 535 1370 596 Dario
1391 578 1412 609 ,
1484 534 1690 597 fallaci
1752 534 1887 617 ejus
1950 535 2223 597 oratione
2286 534 2547 619 decepto
2569 578 2595 611 ,
2656 536 2737 599 ad

133 637 466 712 Jonic'um-
516 650 843 714 'tumultum
911 652 1244 713 sedandum
1307 654 1524 713 missus
1545 693 1566 727 ,-
1641 654 1852 715 Sardis
1910 654 2100 715 venit.
2225 653 2355 713 Sed
2420 676 2605 737 quum
2668 676 2737 717 se

62 760 73 771 ’
125 766 554 851 Artapherni,
592 770 880 852 praefecto
919 770 1226 842 Sardium,
1265 771 1614 851 gravissime
1651 777 2000 853 suspectum
2040 790 2177 843 esse
2210 769 2487 843 sentiret,
2517 766 2738 834 Chium

127 890 336 947 noete
359 888 610 969 aufugit.
702 886 844 948 Chii
883 910 1067 969 quum
1110 902 1246 947 eum
1289 888 1364 947 ab
1407 909 1552 969 rege
1595 896 1807 949 eontra
1850 909 1917 949 se
1964 888 2212 948 missum
2258 889 2738 968 suspicarentur,

38 1044 43 1056 =
128 1004 514 1077 vinxerunt3
607 1003 718 1065 sed
762 1011 888 1065 tota
934 1026 1002 1065 re
1049 1005 1290 1085 cognita
1310 977 1572 1067 ‘vinclis
1628 1005 1944 1067 solverunt
2014 1005 2198 1087 (Her.
2246 1002 2363 1077 ,VL
2412 1008 2449 1067 1
2500 1008 2735 1090 seqq.)-

126 1121 308 1182 Tum
359 1122 692 1195 Histiaeus,
759 1121 826 1182 id
866 1122 1066 1203 ipsum
1105 1129 1363 1203 petens,
1441 1146 1475 1183 a
1518 1123 1691 1184 Chiis
1734 1124 2019 1187 Miletum
2064 1123 2361 1183 deductus
2406 1130 2543 1197 est3
2624 1124 2737 1185 sed

129 1258 332 1323 quum
375 1238 608 1299 Milesii
651 1260 790 1298 eum
847 1241 1124 1320 recipere
1189 1240 1556 1315 noluissent,
1615 1263 1815 1325 neque
1858 1242 1992 1322 ipse
2058 1240 2119 1301 vi
2166 1240 2483 1320 quicquam
2528 1249 2738 1303 contra

131 1376 253 1416 eos
295 1354 542 1415 efficere
583 1356 910 1436 potuisset,
957 1356 1177 1417 Chiam
1201 1359 1482 1418 revertit.
1571 1359 1873 1431 Tandem,
1921 1379 2107 1441 quum
2147 1356 2240 1417 illi
2279 1378 2461 1418 naves
2506 1361 2739 1441 petenti

131 1472 292 1535 Chii
333 1471 478 1533 dare
514 1480 888 1546 recusarent,
931 1473 1272 1556 Mytilenen
1307 1475 1633 1556 navigavit,
1693 1477 1799 1537 ubi
1837 1475 2003 1559 quod
2046 1474 2328 1557 cupiebat
2368 1470 2735 1559 impetravit.
2825 1560 2831 1565 .

135 1591 334 1675 (Her.
382 1589 517 1663 VI,
555 1590 648 1671 5).
683 1634 686 1640 .

412 1707 551 1768 Jam
602 1728 752 1769 vero
797 1728 1006 1768 omnes
1059 1708 1388 1770 Persarum
1435 1707 1627 1789 copiae
1674 1715 1738 1768 et
1778 1707 2096 1789 pedestres
2141 1716 2204 1770 et
2239 1710 2483 1772 navales
2543 1712 2734 1794 impe·

139 1832 276 1885 tum
336 1824 400 1884 in
439 1824 721 1886 Miletum
780 1825 922 1885 dare
945 1868 967 1897 ,
1053 1832 1288 1886 ceteras
1327 1824 1512 1885 urbes
1578 1825 1828 1885 minoris
1892 1825 2181 1887 facientes
2205 1870 2227 1901 ,
2300 1829 2739 1893 constituerant·

39 1966 41 1969 ⁴
141 1943 341 2025 (Her.
381 1940 500 2012 vl,
545 1942 636 2023 6).
677 1941 863 2017 Quod
903 1963 1086 2024 quum
1105 1942 1300 2003 Jones
1343 1942 1797 2023 cognovissent,
1840 1942 2074 2025 legatos
2106 1937 2481 2006 consiliarios
2533 1948 2735 2035 (προ-

139 2048 476 2147 βούλους)
515 2078 658 2117 suos
702 2078 962 2140 quaeque
1006 2060 1214 2120 civitas
1257 2060 1335 2119 ad
1359 2060 1722 2121 Panionium
1752 2062 1937 2121 misit.
2026 2061 2124 2121 lbi
2158 2061 2389 2143 rejecto
2431 2063 2734 2145 pedestris

146 2176 458 2237 exercitus
515 2174 846 2256 colligendi
889 2177 1144 2237 consilio
1195 2178 1587 2264 constitutum
1631 2184 1761 2251 est,
1851 2185 1922 2238 ut
1990 2198 2197 2239 omnes
2248 2180 2437 2262 copiae
2491 2180 2737 2255 navales

145 2294 318 2354 nulla
375 2292 590 2353 relicta
645 2293 784 2354 navi
845 2294 1282 2375 quamprimum
1337 2296 1415 2355 ad
1469 2296 1697 2356 Ladam
1760 2295 2043 2370 adessent
2064 2338 2085 2368 ,
2158 2296 2211 2355 si
2250 2297 2450 2358 navali
2494 2298 2735 2378 proeli-o

142 2410 434 2485 Miletum
477 2409 806 2471 defendere
853 2418 1108 2492 possent
1153 2412 1336 2494 (Her.
1382 2411 1500 2487 VI,
1539 2414 1633 2497 7).
1736 2413 1967 2475 Jonum
2010 2412 2200 2496 copiis
2242 2412 2449 2476 Lesbii
2494 2422 2736 2499 septua-
2830 2482 2841 2495 ,

149 2529 322 2613 ginta
366 2550 550 2591 naves
593 2500 1062 2608 adjunxerunt.-

419 2646 474 2707 E
518 2666 770 2707 numero
813 2647 1052 2708 navium
1099 2618 1276 2708 facile
1317 2648 1721 2730 perspicitur,
1784 2647 1896 2710 illo
1938 2654 2215 2731 tempore
2256 2648 2736 2732 potentissimam

143 2764 413 2826 omnium
469 2763 702 2824 Jonum
749 2765 934 2824 fuisse
979 2740 1271 2826 Cliiorum
1318 2767 1661 2840 civitatem3
1747 2767 1852 2852 qui
1894 2767 2013 2829 soli
2062 2775 2302 2831 centuni
2344 2769 2738 2850 praebuerunt

143 2904 331 2944 naves
391 2881 670 2964 (quarum
726 2881 790 2942 in
831 2882 1083 2964 singulis
1142 2883 1510 2965 quadrageni
1552 2885 1717 2946 cives
1790 2885 2013 2947 delecti
2073 2891 2245 2946 erant
2292 2886 2530 2958 armati,
2573 2886 2733 2947 Her.

140 3001 273 3074 VI,
313 2999 464 3082 15);
541 3000 819 3080 proxime
860 2999 938 3060 ad
984 3019 1092 3060 eos
1136 3009 1526 3063 accesserunt
1567 2996 1797 3064 Milesii
1858 3009 1921 3062 et
1980 3003 2207 3075 Samii,
2264 3003 2359 3062 illi
2401 3004 2735 3085 octoginta,

143 3119 212 3180 hi
255 3118 569 3199 sexaginta
611 3139 796 3179 naves
851 3119 1336 3200 suppeditarunt.
1427 3118 1631 3181 Multo
1678 3119 1996 3180 inferiores
2044 3121 2270 3193 ceteri,
2342 3120 2481 3180 Teii
2525 3119 2738 3181 decem

151 3244 216 3297 et
256 3241 528 3317 septem,
615 3236 982 3297 Prienenses
1030 3237 1348 3298 duodecim
1373 3280 1395 3310 ,
1481 3234 1784 3318 Erythraei
1828 3243 1967 3297 octo
1990 3279 2011 3309 ,
2093 3235 2321 3318 Myusii
2378 3243 2441 3296 et
2486 3237 2735 3298 Phoeaei

149 3363 357 3414 ternas
431 3353 692 3436 utrique.
807 3355 928 3416 11ae
1003 3375 1186 3417 naves
1247 3374 1454 3415 omnes
1515 3373 1769 3415 numero
1830 3354 2077 3416 fuerunt
2139 3351 2457 3414 CCCLIII
2542 3353 2729 3434 (Her.

145 3471 282 3545 Vl»,
323 3471 420 3554 8).

418 3585 746 3650 Persarum
789 3588 1002 3662 duces,
1051 3609 1390 3673 quanquam
1435 3587 1508 3648 iis
1541 3587 1659 3650 DC
1694 3609 1877 3650 naves
1917 3593 2113 3661 erant,
2160 3593 2387 3661 tamen,
2432 3607 2509 3648 ne
2534 3585 2733 3649 Graeci

148 3704 499 3788 superiores
545 3707 913 3780 evaderent,
971 3681 1192 3780 veriti,
1248 3714 1538 3788 tyrannos
1584 3707 1815 3768 «Ionum
1834 3749 1855 3778 ,
1925 3706 2030 3788 qui
2072 3727 2190 3765 una
2234 3712 2405 3765 erant
2423 3748 2445 3776 ,
2508 3704 2735 3764 hortati

150 3830 334 3895 sunt,
411 3830 479 3883 ut
521 3845 662 3886 suos
709 3825 964 3909 quisque
1043 3824 1207 3884 cives
1266 3845 1301 3882 a
1363 3823 1664 3882 communi
1735 3843 1914 3883 causa
1976 3820 2317 3881 abalienare
2385 3821 2725 3881 studerent.

145 3941 310 4004 Rem
351 3942 550 4024 primo
594 3943 993 4027 nequicquam
1039 3940 1238 4001 eonati
1285 3950 1425 4001 sunt
1470 3940 1707 4023 tyranni
1757 3939 1938 4022 (Her.
1988 3937 2107 4010 vl,
2152 3939 2196 3999 9
2241 3937 2428 4020 scq.).

397 4060 634 4142 ⁴Neque
675 4068 873 4122 tamen
911 4041 1106 4121 Jones
1148 4060 1358 4120 duram
1397 4057 1871 4138 disciplinam-‘et
1911 4055 2197 4116 molestas
2238 4055 2728 4130 exercitationes,

149 4196 300 4258 quas
347 4175 422 4237 iis
461 4179 754 4260 proecepit
797 4178 1124 4261 Dionysius
1167 4177 1291 4238 dux
1337 4177 1737 4237 Phocaeorum
1757 4217 1779 4246 ,
1836 4173 1941 4234 diu
1982 4174 2254 4257 perferre
2299 4181 2619 4256 poterant,
2670 4181 2734 4235 et:

146 4292 427 4355 militiam
469 4294 876 4357 detrectantes
927 4297 991 4357 in
1030 4295 1228 4358 insula
1267 4294 1434 4356 Lada
1473 4291 1825 4353 tendehant.
1916 4282 2103 4368 Quod
2158 4297 2343 4374 q‘uum
2391 4291 2733 4352 Samiorum

149 4411 340 4472 duces
383 4414 838 4495 cognovissent,
879 4414 1267 4476 condiciones
1317 4411 1522 4472 AEaeis
1571 4409 1809 4492 tyranni
1847 4408 2149 4491 quondam
2196 4408 2289 4470 sui
2335 4413 2727 4490 aeceperunt,

148 4551 340 4610 quum
385 4532 722 4612 praesertim
753 4532 1162 4615 intelligerent
1181 4575 1200 4604 ,
1287 4529 1420 4590 fieri
1461 4549 1584 4589 non
1626 4501 1835 4608 posse,
1882 4533 1951 4586 ut
1992 4547 2103 4587 rex
2144 4525 2489 4587 vinceretur
2543 4524 2727 4605 (Her.

145 4645 270 4722 vt,
313 4651 398 4712 12
431 4649 623 4732 seq.).
707 4641 922 4735 Itaque
961 4651 1279 4714 commisso
1308 4645 1546 4731 proelio
1587 4644 2245 4730 plerique-Samiorum
2278 4661 2355 4701 ex
2394 4639 2728 4744 composito

1960 4779 1999 4834 3
