3225 5400
1436 345 1534 423 51-

461 549 504 637 g
547 553 652 615 18.
741 551 958 636 ltaque
997 522 1192 614 'vicus
1247 551 1325 614 aa
1389 553 1659 616 cnidum
1714 551 2183 617 Lacedaemona.
2205 598 2226 628 ,
2298 553 2437 617 chii
2489 556 2784 639 praesidio·

192 670 636 752 Spartanorum
703 667 902 750 ejecto
971 669 1050 730 ad
1104 669 1371 732 Cononis
1434 680 1496 734 et
1563 671 1867 733 sociorum
1932 669 2064 753 ejus
2117 679 2329 753 partes
2390 682 2777 738 accesserunt

192 787 412 870 (Diod.
459 787 588 848 Sic.
635 787 818 860 xlv,
861 788 986 860 843
1043 788 1124 848 cf.
1171 788 1461 872 Xenoph.
1509 789 1556 850 l.
1598 789 1649 850 l.
1694 788 1827 861 lv,
1868 789 1956 862 8,
2002 789 2063 871 1)
2110 796 2173 851 et
2212 789 2333 850 hoc
2368 789 2539 852 bello
2585 793 2776 876 (qnod

196 905 582 968 Corinthium
649 905 835 986 vulgo
903 904 1151 986 dieitur)
1214 905 1685 968 Atheniensibus
1738 905 1890 967 socii
1959 905 2172 966 fideles
2240 907 2486 969 fuerunt
2550 909 2772 991 (lsoer.

196 1023 457 1087 Plataie.
516 1043 585 1104 p.
653 1023 782 1085 388
845 1019 885 1106 g
927 1023 1014 1086 27
1054 1023 1242 1106 seq.).
1337 1023 1766 1106 Thrasybulo,
1835 1021 2300 1085 Atheniensium
2342 1016 2481 1086 duci
2496 1066 2521 1098 ,
2588 1049 2773 1109 quum

193 1141 488 1204 adversus
529 1140 818 1202 Rhodum
864 1141 1356 1223 proficisceretur
1396 1142 1479 1224 (a.
1532 1140 1885 1204 cccxcll
1916 1163 1975 1202 a.
2020 1139 2199 1224 Chr.)
2241 1163 2425 1206 naves
2477 1143 2781 1209 dederunt
2890 1123 2897 1144 ¹

199 1258 412 1340 (Diod.
469 1259 596 1320 sie.
649 1258 832 1333 XIV,
882 1257 1020 1341 94).

463 1375 822 1438 Antalcidea
890 1396 1040 1458 paee
1105 1374 1217 1436 illo
1298 1374 1470 1436 bello
1525 1375 1867 1456 composito
1932 1332 2377 1438 Lacedaemonii
2431 1377 2779 1459 superiores

195 1491 338 1554 facti
379 1493 591 1554 arbitri
634 1501 696 1555 et
739 1493 965 1555 domini
1017 1493 1206 1554 totius
1264 1493 1515 1554 Graeciae
1575 1493 1977 1566 exstiterunt,
2039 1513 2239 1575 neque
2299 1491 2644 1566 libertatem
2702 1517 2783 1559 ex

197 1631 350 1693 pace
396 1611 748 1692 promissam
810 1611 1152 1677 civitatibus
1195 1619 1651 1672 concesserunt.
1736 1611 1951 1692 ltaque
1997 1631 2183 1692 quum
2219 1611 2659 1673 Lacedaemonii
2699 1613 2781 1675 ad

199 1728 448 1790 Thebas
507 1727 663 1789 male
720 1750 848 1790 rem
910 1729 1239 1811 gessissent
1259 1768 1281 1801 ,
1347 1729 1536 1789 multi
1581 1729 1733 1789 socii
1783 1735 2039 1810 propter
2084 1728 2505 1790 crudelitatem
2544 1731 2791 1812 imperii

200 1845 588 1907 desciverunt
607 1845 750 1929 129).
836 1846 1009 1907 Inter
1054 1866 1207 1928 quos
1270 1846 1449 1926 primi
1491 1845 1634 1908 Chii
1691 1853 1754 1906 et
1798 1845 2111 1929 Byzantii,
2181 1845 2401 1907 deinde
2446 1846 2679 1910 Rhodii
2718 1853 2797 1910 et.

200 1963 569 2047 Mytilenaei,
663 1963 869 2024 multae
937 1963 1197 2046 <lenique
1257 1963 1392 2022 aliae
1455 1964 1731 2025 civitates
1795 1963 1872 2024 ab
1930 1962 2405 2027 Atheniensibus
2466 1964 2783 2030 concitata

199 2081 416 2144 foedus
458 2082 618 2142 inter
659 2100 726 2141 se
767 2082 1044 2142 fecerunt
1084 2103 1142 2141 e.
1185 2101 1246 2142 a.
1300 2078 1741 2141 CCCLXXVI
1782 2098 1841 2140 a.
1893 2079 2046 2142 Chr.
2089 2102 2155 2141 n.
2182 2081 2299 2165 1²⁵⁰)

385 2221 390 2228 ¹
464 2198 658 2260 Erant
703 2173 944 2259 omnino
989 2198 1264 2259 civitates
1319 2196 1563 2259 LXXV
1622 2196 1971 2280 (AEschines
2028 2197 2109 2259 de
2162 2198 2314 2259 falsa
2362 2197 2489 2280 leg.
2539 2207 2613 2281 p:
2655 2200 2787 2264 837

202 2316 304 2378 ed.
349 2315 634 2390 Bekker3
722 2315 1035 2377 Diodorus
1095 2312 1280 2377 Lxx
1321 2314 1530 2396 habet)
1589 2314 1755 2375 illius
1799 2314 2067 2375 foederis
2107 2314 2457 2396 participes.
2544 2314 2791 2378 consu«

203 2440 374 2496 tutus
433 2441 528 2494 est
585 2432 917 2494 eommunis
971 2440 1212 2494 senatus
1276 2429 1677 2516 (συνέδριον)
1742 2431 2007 2492 omnium
2064 2431 2369 2491 sociorum
2388 2473 2411 2505 ‚
2480 2432 2559 2493 ad
2608 2451 2788 2516 quem

207 2548 460 2632 singulae
495 2547 952 2634 civitatesssuos
989 2570 1242 2641 quaeque
1276 2556 1587 2609 senatores
1630 2546 2039 2633 (συνέδρους)
2072 2549 2403 2609 mitterent.
2492 2549 2789 2613 Omnium

209 2685 510 2727 consensu
557 2667 870 2728 decretum
917 2675 1010 2729 est
1025 2714 1052 2745 ,
1113 2675 1181 2729 ut
1221 2665 1485 2729 Athenis
1533 2674 1779 2727 senatus
1819 2665 2149 2727 haberetur
2167 2709 2189 2740 ,
2234 2685 2442 2727 omnes
2484 2664 2788 2742 civitates,

207 2785 336 2847 sive
391 2804 622 2874 mag-nze
688 2793 895 2846 essent
975 2785 1103 2847 sive
1132 2771 1142 2788 ⁸
1172 2805 1376 2867 parvae
1396 2828 1418 2857 ,
1519 2800 1695 2866 aequo
1739 2782 1881 2865 jure
1942 2782 2317 2864 singulorum
2368 2784 2797 2866 suffragiorum

209 2908 521 2984 compotes
563 2910 768 2962 essent
785 2897 808 2975 ,'
859 2920 1067 2963 omnes
1109 2900 1319 2962 liberae
1362 2890 1790 2986 (αὐτόνομοι)
1837 2898 2315 2963 Atheniensibus
2354 2900 2609 2963 ducibus
2653 2910 2788 2965 ute-

205 3027 440 3081 rentur.
544 3018 984 3084 Lacedaemonii
1026 3040 1212 3102 quum
1251 3018 1382 3079 haec
1422 3019 1520 3100 agi
1562 3018 1883 3093 viderent,
1960 3018 2366 3100 legationibus
2412 3024 2477 3080 et:
2515 3020 2791 3081 maximis

207 3136 746 3220 pollicitationibus
807 3136 1176 3198 abalienatos
1230 3158 1266 3196 a
1319 3157 1389 3196 se
1427 3135 1738 3197 hominum
1779 3136 2029 3197 ¹animos
2068 3136 2187 3196 sibi
2227 3136 2621 3197 reconciliare
2664 3144 2793 3198 stus

209 3256 472 3339 debant3
515 3274 712 3337 neque
756 3261 956 3315 tamen
989 3254 1212 3315 iccirco
1257 3253 1487 3314 minore
1531 3254 1733 3341 stmlio
1768 3252 2001 3314 bellum
2038 3252 2355 3333 parabant,
2378 3253 2566 3336 quod
2608 3274 2793 3335 grave

209 3381 275 3434 et
315 3372 665 3435 diuturnum
707 3370 1029 3433 Boeotium
1068 3369 1301 3432 bellum
1338 3371 1471 3431 fore
1516 3377 1829 3451 putarent,
1892 3391 2077 3452 quum
2120 3368 2530 3431 Athenienses
2573 3371 2797 3433 ceteri·-

212 3512 332 3577 que
389 3490 641 3568 Graeei,
716 3490 820 3572 qui
881 3488 1046 3550 illius
1111 3487 1376 3549 foederis
1438 3488 1767 3569 participes
1814 3495 2019 3548 essent
2016 3531 2055 3601 ,³
2128 3488 2560 3551 Thebanorum
2604 3488 2800 3551 iidem

209 3610 366 3671 'socii
431 3615 634 3669 essent
694 3607 981 3708 (Diodor.
1035 3607 1165 3668 Sic.
1195 3606 1372 3679 XV,
1443 3605 1580 3687 28).
1677 3605 1831 3668 Mox
1876 3605 2217 3667 Artaxerxe
2259 3612 2507 3667 auctore
2553 3602 2792 3667 bellum

209 3729 373 3790 inter
412 3725 898 3788 Lacedaemonios
947 3732 1011 3786 et
1046 3726 1426 3787 adversarios
1466 3723 1711 3812 illorum
1746 3723 2055 3784 Thebanis
2100 3689 2370 3805 exceptis
2408 3707 2795 3801 componitur

214 3846 502 3929 (Diodor.
545 3844 675 3906 Sic.
725 3843 875 3918 XV,
919 3843 1073 3926 88>3
1125 3862 1324 3927 neque
1365 3850 1566 3903 tamen
1605 3803 1714 3902 illa
1753 3860 1875 3923 pax
1916 3838 2198 3901 diuturna
2236 3839 2351 3900 fuit
2396 3838 2608 3919 (Diod.
2658 3838 2790 3902 Sic.

210 3962 364 4039 XV,
409 3964 543 4046 45).
719 3958 728 3965 ’
1391 3988 1396 3991 ·
1881 3988 1888 3993 ·
2670 4035 2681 4039 -

483 4082 690 4157 Quum
719 4078 1154 4162 Epaminondae
1193 4084 1256 4139 et
1292 4074 1603 4141 Thebanis
1633 4096 1734 4137 res
1767 4073 2027 4139 feliciter
2067 4071 2499 4156 procederent,
2544 4069 2799 4155 Epami-r.

213 4194 448 4259 nondas
488 4197 794 4259 Thebanis
832 4198 1155 4282 persvasit,
1201 4203 1271 4257 nt
1307 4165 1486 4257 maris
1527 4194 1845 4277 imperium
1890 4193 2257 4255 affectarent.
2342 4190 2558 4275 ltaque
2592 4210 2791 4275 popu-

357 4500 466 4570 ι’Ὀ
533 4500 624 4555 Cf.
658 4500 730 4554 cle
762 4500 854 4555 his
892 4503 1062 4558 rebus
1095 4499 1470 4557 Wncbsmuth
1504 4500 1547 4555 l.
1587 4500 1631 4554 l.
1674 4498 1721 4565 1,
1752 4498 1811 4562 2,
1848 4500 1904 4569 p.
1940 4494 2048 4552 28⁷
2079 4512 2232 4567 seqq.
2270 4500 2330 4552 et
2362 4496 2435 4551 de
2466 4494 2675 4563 defecti
2654 4495 2792 4549 mnis

217 4593 446 4651 nomine
479 4610 535 4666 p.
569 4591 677 4649 287
711 4598 828 4648 not.
862 4592 960 4661 2⁶3
1031 4595 1404 4650 Hermaunl.
1443 4595 1485 4654 1.
1519 4592 1671 4662 §41-

357 4709 460 4779 ¹⁸⁰)
529 4708 600 4766 Di
605 4706 695 4764 od.
744 4708 886 4776 XV,
956 4707 1047 4763 28.
1120 4708 1206 4763 De
1253 4708 1367 4764 boc
1429 4707 1666 4763 foedere
1743 4704 1818 4759 cf.
1882 4700 2118 4760 Boccltb
2166 4698 2631 4759 Stuatshaushnlt
2686 4702 2791 4758 cler

217 4801 429 4859 Athen.
465 4801 514 4869 1,
551 4819 607 4873 p.
645 4800 750 4857 446
783 4818 935 4874 seqq.
969 4802 1264 4861 Hermann
1301 4800 1520 4877 griecb.
1556 4798 1991 4858 Stanunltertb.
2027 4792 2213 4864 5171»,
2246 4794 2365 4852 not.
2398 4792 2457 4852 8.

2066 4909 2129 4975 4.
