3225 5400
1353 315 1364 320 -
1463 247 1562 321 37

170 439 584 534 Ἀᾂύνατοι
633 446 705 516 δὲ
747 441 948 520 ὄντες
989 437 1153 512 καθ’
1203 426 1290 514 Ei
1332 441 1693 536 γενόμενοι
1744 443 1857 517 Oea*
1894 449 2346 538 πολυψηφιάν
2390 446 2802 542 ιῖῥιιύνασθαι

173 569 256 632 οἱ
327 556 680 662 ξύμμαχιιι
743 555 1232 650 ἐδουλώθησαν
1275 557 1461 650 πλήν
1519 559 1723 652 ἡμῶν
1777 591 1855 634 τε
1916 567 2031 634 καὶ
2088 567 2309 637 Χίων.
2416 567 2670 660 “Η·,ιιεϊς
2730 574 2802 642 δὲ

175 675 593 768 αὐτόνομοι
631 676 716 770 δή
743 678 941 756 ὄντες
977 681 1088 748 καὶ
1124 674 1477 770 ἐλεύθεροι
1512 684 1604 771 τῷ
1640 674 1929 770 ὀνόματι
1964 680 2634 775 ξυνεστρατεύσαμεν
2655 691 2807 774 108).

480 801 702 885 Itaque
749 801 1048 868 exstineto
1090 799 1258 860 hello
1300 801 1553 862 Persico
1598 803 1925 883 saepissime
1975 803 2165 866 Chios
2210 812 2273 865 et
2310 807 2567 870 Lesbios
2607 807 2804 884 Athe-

180 917 526 980 aiensibus
571 939 648 978 ex
687 920 980 1000 imperato
1023 917 1244 978 auxilia
1292 919 1452 978 ferre
1495 919 1859 983 videbimus.

489 1029 694 1113 Quum
709 1035 998 1096 Phaselin
1025 1035 1368 1096 adoriretur
1390 1037 1608 1098 Cimon
1643 1035 1731 1124 (a.
1754 1036 2191 1102 CCCCLXIX
2220 1061 2276 1101 a.
2300 1039 2453 1102 Chr.
2477 1063 2539 1102 ιι.
2546 1041 2600 1124 ),
2638 1041 2808 1116 Chii,

193 1152 314 1236 qni
342 1175 486 1216 cum
523 1175 598 1215 eo
632 1161 829 1227 erant,
853 1154 1014 1213 bona
1035 1161 1098 1214 et
1135 1161 1341 1214 vetere
1370 1154 1631 1215 amicitia
1660 1177 1797 1216 eum
1816 1154 2142 1217 Phaselitis
2166 1156 2367 1239 juncti
2397 1167 2461 1220 et
2491 1159 2807 1221 Cimonem
2854 1175 2873 1184 '

189 1271 524 1332 leniebant
581 1279 643 1332 et
697 1271 972 1352 epistolis
1031 1277 1198 1330 trans
1255 1277 1461 1332 muros
1505 1271 1687 1352 jactis
1746 1272 2085 1335 Phaselitas
2151 1276 2227 1335 de
2286 1276 2563 1337 omnibus
2620 1267 2806 1338 reb'ns

191 1388 507 1449 certiores
553 1387 877 1448 faciebant.
998 1388 1274 1448 Tandem
1335 1388 1506 1450 Chiis
1555 1390 1810 1472 contigit
1864 1391 1947 1451 ita
2010 1413 2222 1474 pacem
2264 1415 2669 1474 componere,
2738 1401 2809 1455 ut

194 1505 541 1566 Phaselitae
609 1507 676 1567 X
741 1505 985 1566 talentis
1079 1505 1298 1568 solutis
1376 1507 1691 1568 Cimonem
1764 1517 1975 1568 contra
2039 1510 2333 1572 barbaros
2406 1517 2809 1592 sequerentur

199 1623 414 1706 (Plut.
463 1623 700 1686 Cimon.
751 1645 809 1684 e.
860 1623 1040 1704 XII).
1087 1659 1180 1686 -.
1235 1624 1512 1706 Triginta
1552 1626 1723 1706 annis
1782 1635 1925 1708 post
1981 1649 2166 1710 quum
2221 1629 2381 1688 inter
2420 1626 2697 1690 Milesios
2746 1636 2810 1688 et

199 1741 448 1803 Samios
505 1742 584 1802 de
627 1742 852 1802 Priene
901 1741 1135 1802 bellum
1195 1743 1557 1814 exarsisset,
1628 1743 1720 1803 illi
1764 1741 2081 1805 inferiores
2126 1767 2307 1826 opem
2347 1745 2807 1806 Atheniensium

203 1858 730 1956 imploraverunt3
817 1861 1034 1920 Samus
1094 1860 1169 1919 ab
1228 1859 1701 1922 Atheniensibus
1761 1863 2022 1922 subacta
2064 1870 2179 1922 est.
2298 1863 2453 1925 Mox
2511 1862 2807 1923 seditione

205 1979 370 2040 facta
419 1977 608 2038 Samii
652 1978 1052 2040 Athenienses
1085 1977 1489 2060 expulerunt.
1620 1981 1763 2056 Quo
1815 1981 1974 2040 facto
2021 1978 2299 2042 Pericles
2357 1980 2647 2041 adversus
2696 1980 2808 2041 Sa·

205 2117 372 2158 mum
414 2097 724 2189 profectus
768 2097 1020 2158 navibus
1068 2095 1276 2170 LXX,
1329 2089 1546 2158 harum
1584 2097 1838 2158 navibus
1886 2097 2045 2159 XVI
2086 2119 2209 2158 non
2254 2119 2397 2186 usus
2443 2097 2599 2180 (aliae
2648 2099 2807 2172 enim

211 2216 278 2277 in
319 2214 560 2276 Cariam
603 2214 863 2286 iverant,
907 2220 976 2274 ut
1021 2212 1400 2274 Phoenicum
1441 2235 1556 2274 nat
1560 2235 1625 2274 es
1664 2181 2155 2314 specularentur,
2198 2215 2328 2275 aliae
2368 2215 2430 2274 in
2460 2213 2806 2295 Chium109)

209 2341 272 2394 et
307 2333 601 2410 Lesbum,
649 2339 718 2392 ut
755 2331 976 2392 auxilia
1015 2333 1363 2414 evocarent)
1412 2333 1665 2415 reliquis
1701 2333 1910 2394 XLIV
1957 2332 2209 2393 navibus
2247 2324 2588 2392 Samiorum
2621 2331 2803 2392 LXX

215 2451 546 2534 superavit.
665 2451 724 2512 T
729 2472 828 2510 um
873 2449 1097 2510 auxilio
1140 2458 1440 2510 venerunt
1483 2437 1747 2530 Athenis
1792 2450 1933 2522 XL,
1974 2448 2290 2536 ‘Chiorum
2331 2455 2395 2509 et
2442 2448 2802 2508 Lesbiorum

216 2570 401 2632 XXV
446 2589 653 2629 naveS.
743 2567 982 2644 Quibus
1028 2568 1220 2648 copiis
1265 2568 1478 2628 Samus
1521 2567 1719 2628 insula
1766 2575 1939 2649 capta
1976 2574 2070 2627 est
2106 2573 2329 2647 praeter
2376 2565 2618 2638 urbem,
2668 2586 2802 2647 quac

148 2695 152 2697 ’
216 2697 280 2752 et
323 2712 357 2750 a
397 2696 560 2750 terra
603 2684 830 2767 triplici
882 2685 1211 2746 munitione
1259 2687 1454 2746 cincta
1503 2693 1565 2747 et
1618 2710 1653 2747 a
1706 2686 1857 2747 mari
1913 2684 2329 2747 obsidebatur.
2452 2683 2581 2744 Sed
2621 2707 2806 2766 quum

219 2807 490 2871 Pericles
538 2812 748 2865 contra
793 2804 1132 2864 Phoenices
1176 2802 1485 2887 plerisque
1533 2804 1787 2865 navibus
1836 2792 2149 2886 profectus
2199 2810 2383 2873 esset,
2436 2802 2623 2863 Samii
2666 2824 2803 2862 eru-

218 2927 417 3009 ptione
477 2926 634 2984 facta
691 2930 754 2983 et
812 2921 1063 2982 navibus
1086 2964 1107 2994 ,
1180 2942 1318 3003 quae
1372 2923 1436 2981 in
1485 2923 1741 2981 statione
1799 2927 1971 2982 erant
1994 2965 2015 2993 ,
2079 2920 2413 3001 profligatis
2461 2920 2801 3002 ceterisque

219 3044 408 3107 navali
448 3040 683 3123 proelio
727 3040 900 3101 victis
924 3082 946 3113 ,
1023 3039 1210 3101 maris
1258 3039 1352 3099 sui
1395 3040 1714 3121 imperium
1754 3040 1913 3101 XIV
1955 3040 2198 3100 circiter
2245 3038 2373 3099 dies
2421 3036 2798 3099 obtinebant.

155 3222 175 3239 ,
223 3164 546 3244 Postquam
586 3166 786 3219 autem
831 3156 1012 3217 rediit
1058 3156 1359 3229 PericleS,
1407 3158 1627 3238 iterum
1676 3158 1990 3219 obsidione
2034 3157 2225 3219 clausi
2272 3162 2439 3227 sunt,
2498 3176 2801 3237 quumque

225 3280 500 3351 auxilium
563 3277 804 3337 navium
871 3273 1334 3335 Atheniensium
1400 3275 1519 3336 LX
1588 3283 1651 3337 et
1711 3275 1906 3337 XXX
1932 3274 2259 3336 ‚Chiorum
2320 3272 2799 3355 Lesbiorumque

790 3392 1094 3410 ......

353 3590 448 3657 ¹⁰⁸)
521 3586 790 3655 Ejusdem
825 3570 948 3637 fere
981 3581 1274 3641 sententiae
1309 3582 1442 3649 sunt
1479 3600 1674 3637 versus
1712 3580 1773 3637 hi
1807 3576 2101 3649 Eupolidis
2153 3578 2334 3649 (apud
2367 3576 2545 3631 schol.
2582 3573 2797 3629 Aristo-

221 3684 378 3755 phun.
422 3699 510 3736 av.
555 3698 606 3734 v.
647 3676 820 3743 88⁰)=

673 3760 832 3837 ,Αῧτη
867 3770 1016 3831 Χίος,
1052 3763 1188 3835 καλή
1225 3763 1393 3831 abate,

671 3864 889 3931 Πέμπει
927 3859 1030 3931 γοῖρ
1043 3852 1190 3927 -ὖμῒν
1223 3853 1346 3915 ναῦς
1378 3856 1586 3928 μακριὶς
1618 3850 1809 3928 ἄνδρας
1837 3850 1886 3909 τ’
1918 3846 2049 3909 ὅταν
2080 3846 2247 3924 δεήσῃ

658 3963 782 4014 Καὶ
815 3950 993 4011 τᾶλλα
1027 3954 1326 4019 πειθαρχεῖ
1357 3946 1548 4015 καλῶς,
1583 3944 1856 4019 ἄπληκτοι·
1886 3937 2063 4015 ὥσπέρ
2098 3941 2274 3995 ἵππος.

351 4048 448 4117 ¹⁰⁹)
516 4049 699 4103 ”Cum
750 4050 901 4119 apud
953 4049 1284 4103 Athenaeum
1333 4046 1489 4106 xm·
1520 4062 1578 4113 p.
1613 4040 1747 4105 603,
1824 4040 1871 4091 F
1944 4038 2052 4089 Jon
2092 4037 2259 4101 ιιοὸίιι
2304 4029 2487 4093 dicat,
2558 4045 2617 4081 se
2665 4045 2794 4081 cum

222 4141 550 4209 imperatore
583 4142 867 4211 Sophocle
903 4143 1150 4193 Lesbum
1189 4138 1496 4207 navigante
1535 4149 1899 4205 congressum
1938 4144 2057 4181 esse
2094 4125 2151 4178 in
2190 4123 2378 4176 insula
2408 4120 2571 4187 Chio,
2609 4122 2792 4190 suspi-

224 4232 334 4285 cari
367 4232 516 4295 licet,
553 4231 706 4301 ipsi
687 4232 961 4303 Sophocli
1000 4232 1143 4286 illud
1182 4230 1452 4299 obtigisse
1494 4244 1718 4286 munus,
1761 4222 1991 4277 Lesbios
2036 4224 2093 4271 et
2132 4216 2303 4270 Chios
2340 4213 2398 4267 in
2437 4214 2575 4267 belli
2614 4212 2792 4266 socie-

225 4331 384 4379 tatem
420 4330 764 4379 invocaret,
831 4323 1053 4379 Monuit
1103 4326 1248 4393 Aug.
1294 4322 1582 4375 Seidierus
1640 4320 1696 4371 in
1752 4311 2147 4369 dissertatione
2186 4309 2253 4361 de
2292 4307 2405 4376 8οι
2410 4306 2592 4359 hedis
2634 4304 2793 4358 Ami-

225 4436 393 4487 gena‚
453 4436 570 4489 quae
608 4414 924 4473 Hei-manni
981 4414 1214 4469 editioni
1279 4413 1497 4485 praemis
1501 4430 1563 4465 sa
1615 4408 1757 4464 est-’²
1864 4406 2047 4461 Plehn
2110 4402 2275 4455 Lesb.
2316 4418 2371 4469 p.
2407 4398 2511 4459 59,
2580 4415 2633 4450 ιι.
2672 4398 2791 4451 llt.

229 4514 310 4566 Οἳ.
347 4498 529 4568 Strub.
566 4510 724 4575 xlv,
763 4530 816 4581 ιι.
849 4498 972 4573 638,
1013 4506 1167 4576 §la

277 4618 283 4625 ·
351 4606 446 4672 ¹¹⁰)
521 4604 824 4667 Thuc.1‚
891 4600 996 4657 115
1043 4616 1198 4671 seqq.
1271 4594 1760 4658 Diod.Sic.X11,
1816 4592 1887 4647 27
1942 4610 2057 4661 seq
2122 4590 2215 4643 Gi
2252 4581 2515 4644 Panoflffl
2564 4579 2632 4633 ¹¹⁰
2672 4578 2789 4631 reb·

225 4698 438 4758 Samior.
480 4719 531 4769 ιι.
569 4698 641 4755 67
677 4715 828 4768 seqq·
