<?xml version="1.0" encoding="UTF-8"?>
<!DOCTYPE html PUBLIC "-//W3C//DTD XHTML 1.0 Transitional//EN"
    "http://www.w3.org/TR/xhtml1/DTD/xhtml1-transitional.dtd">
<html xmlns="http://www.w3.org/1999/xhtml" xml:lang="en" lang="en">
 <head>
  <title>
</title>
<meta http-equiv="Content-Type" content="text/html;charset=utf-8" />
  <meta name='ocr-system' content='tesseract 3.04.00' />
  <meta name='ocr-capabilities' content='ocr_page ocr_carea ocr_par ocr_line ocrx_word'/>
</head>
<body>
  <div class='ocr_page' id='page_1' title='image "./derebuschiorump00whitgoog_0059.png"; bbox 0 0 3225 5400; ppageno 0'>
   <div class='ocr_carea' id='block_1_1' title="bbox 1495 264 1594 338">
    <p class='ocr_par' dir='ltr' id='par_1_1' title="bbox 1495 264 1594 338">
     <span class='ocr_line' id='line_1_1' title="bbox 1495 264 1594 338; baseline -0.02 0"><span class='ocrx_word' id='word_1_1' title='bbox 1495 264 1594 338; x_wconf 79' lang='lat'><strong>39</strong></span> 
     </span>
    </p>
   </div>
   <div class='ocr_carea' id='block_1_2' title="bbox 99 427 2834 1254">
    <p class='ocr_par' dir='ltr' id='par_1_2' title="bbox 99 427 2834 1254">
     <span class='ocr_line' id='line_1_2' title="bbox 196 427 2834 550; baseline 0 -24"><span class='ocrx_word' id='word_1_2' title='bbox 196 465 640 526; x_wconf 73' lang='lat' dir='ltr'><strong>Pharnabazo</strong></span> <span class='ocrx_word' id='word_1_3' title='bbox 683 465 852 526; x_wconf 83' lang='lat' dir='ltr'><strong>missi</strong></span> <span class='ocrx_word' id='word_1_4' title='bbox 889 463 1388 527; x_wconf 64' lang='lat' dir='ltr'><strong>Lacedaemonem</strong></span> <span class='ocrx_word' id='word_1_5' title='bbox 1431 470 1731 526; x_wconf 85' lang='lat' dir='ltr'><strong>venerunt</strong></span> <span class='ocrx_word' id='word_1_6' title='bbox 1748 508 1771 538; x_wconf 96' lang='lat'>,</span> <span class='ocrx_word' id='word_1_7' title='bbox 1837 471 1907 526; x_wconf 88' lang='lat' dir='ltr'><strong>ut</strong></span> <span class='ocrx_word' id='word_1_8' title='bbox 1948 465 2198 528; x_wconf 84' lang='lat' dir='ltr'><strong>navibus</strong></span> <span class='ocrx_word' id='word_1_9' title='bbox 2240 466 2319 528; x_wconf 86' lang='lat' dir='ltr'><strong>ad</strong></span> <span class='ocrx_word' id='word_1_10' title='bbox 2357 427 2834 550; x_wconf 84' lang='lat' dir='ltr'><strong>Hellespontum</strong></span> 
     </span>
     <span class='ocr_line' id='line_1_3' title="bbox 194 581 2833 666; baseline 0 -23"><span class='ocrx_word' id='word_1_11' title='bbox 194 583 438 644; x_wconf 80' lang='lat' dir='ltr'><strong>missis</strong></span> <span class='ocrx_word' id='word_1_12' title='bbox 476 583 608 664; x_wconf 90' lang='lat' dir='ltr'><strong>ipse</strong></span> <span class='ocrx_word' id='word_1_13' title='bbox 640 583 1035 664; x_wconf 81' lang='lat' dir='ltr'><strong>Hellesponti</strong></span> <span class='ocrx_word' id='word_1_14' title='bbox 1074 581 1258 644; x_wconf 85' lang='lat' dir='ltr'><strong>urbes</strong></span> <span class='ocrx_word' id='word_1_15' title='bbox 1299 583 1374 642; x_wconf 88' lang='lat' dir='ltr'><strong>ab</strong></span> <span class='ocrx_word' id='word_1_16' title='bbox 1405 581 1905 656; x_wconf 81' lang='lat' dir='ltr'><strong>Atheniensibus,</strong></span> <span class='ocrx_word' id='word_1_17' title='bbox 1942 584 2168 645; x_wconf 83' lang='lat' dir='ltr'><strong>tributa</strong></span> <span class='ocrx_word' id='word_1_18' title='bbox 2212 586 2340 666; x_wconf 77' lang='lat' dir='ltr'><strong>regi</strong></span> <span class='ocrx_word' id='word_1_19' title='bbox 2380 584 2539 646; x_wconf 89' lang='lat' dir='ltr'><strong>solvi</strong></span> <span class='ocrx_word' id='word_1_20' title='bbox 2578 585 2833 646; x_wconf 83' lang='lat' dir='ltr'><strong>vetanti-</strong></span> 
     </span>
     <span class='ocr_line' id='line_1_4' title="bbox 195 697 2826 783; baseline 0 -23"><span class='ocrx_word' id='word_1_21' title='bbox 195 697 344 760; x_wconf 80' lang='lat' dir='ltr'><strong>bus</strong></span> <span class='ocrx_word' id='word_1_22' title='bbox 369 743 394 774; x_wconf 86' lang='grc'>,</span> <span class='ocrx_word' id='word_1_23' title='bbox 478 700 886 773; x_wconf 85' lang='lat' dir='ltr'><strong>abalienaret3</strong></span> <span class='ocrx_word' id='word_1_24' title='bbox 975 701 1028 762; x_wconf 87' lang='lat' dir='ltr'><strong>is</strong></span> <span class='ocrx_word' id='word_1_25' title='bbox 1094 719 1339 783; x_wconf 82' lang='lat' dir='ltr'><strong>quoque</strong></span> <span class='ocrx_word' id='word_1_26' title='bbox 1406 719 1514 760; x_wconf 87' lang='lat' dir='ltr'><strong>sua</strong></span> <span class='ocrx_word' id='word_1_27' title='bbox 1573 721 1763 781; x_wconf 89' lang='lat' dir='ltr'><strong>opera</strong></span> <span class='ocrx_word' id='word_1_28' title='bbox 1817 701 2413 764; x_wconf 66' lang='lat' dir='ltr'><strong>Lacedaemoniorum</strong></span> <span class='ocrx_word' id='word_1_29' title='bbox 2475 702 2826 764; x_wconf 87' lang='lat' dir='ltr'><strong>societatem</strong></span> 
     </span>
     <span class='ocr_line' id='line_1_5' title="bbox 203 818 2829 922; baseline 0.001 -45"><span class='ocrx_word' id='word_1_30' title='bbox 203 818 374 898; x_wconf 76' lang='lat' dir='ltr'><strong>regi</strong></span> <span class='ocrx_word' id='word_1_31' title='bbox 437 818 749 878; x_wconf 84' lang='lat' dir='ltr'><strong>conciliari</strong></span> <span class='ocrx_word' id='word_1_32' title='bbox 804 840 984 922; x_wconf 83' lang='lat' dir='ltr'><strong>quam</strong></span> <span class='ocrx_word' id='word_1_33' title='bbox 1041 818 1298 878; x_wconf 82' lang='lat' dir='ltr'><strong>maxime</strong></span> <span class='ocrx_word' id='word_1_34' title='bbox 1362 818 1668 900; x_wconf 84' lang='lat' dir='ltr'><strong>cupiebat.</strong></span> <span class='ocrx_word' id='word_1_35' title='bbox 1758 820 1915 896; x_wconf 82' lang='lat' dir='ltr'><strong>Quae</strong></span> <span class='ocrx_word' id='word_1_36' title='bbox 1979 840 2165 900; x_wconf 86' lang='lat' dir='ltr'><strong>quum</strong></span> <span class='ocrx_word' id='word_1_37' title='bbox 2222 820 2465 902; x_wconf 85' lang='lat' dir='ltr'><strong>utrique</strong></span> <span class='ocrx_word' id='word_1_38' title='bbox 2527 827 2592 880; x_wconf 88' lang='lat' dir='ltr'><strong>et</strong></span> <span class='ocrx_word' id='word_1_39' title='bbox 2631 819 2735 902; x_wconf 82' lang='lat' dir='ltr'><strong>qui</strong></span> <span class='ocrx_word' id='word_1_40' title='bbox 2792 840 2829 880; x_wconf 81' lang='lat' dir='ltr'><strong>a</strong></span> 
     </span>
     <span class='ocr_line' id='line_1_6' title="bbox 205 916 2826 1019; baseline 0 -23"><span class='ocrx_word' id='word_1_41' title='bbox 205 916 654 1016; x_wconf 78' lang='lat' dir='ltr'><strong>Tissapherne</strong></span> <span class='ocrx_word' id='word_1_42' title='bbox 699 943 763 996; x_wconf 82' lang='lat' dir='ltr'><strong>et</strong></span> <span class='ocrx_word' id='word_1_43' title='bbox 807 937 912 1019; x_wconf 86' lang='lat' dir='ltr'><strong>qui</strong></span> <span class='ocrx_word' id='word_1_44' title='bbox 955 957 990 996; x_wconf 92' lang='lat' dir='ltr'><strong>a</strong></span> <span class='ocrx_word' id='word_1_45' title='bbox 1035 936 1430 996; x_wconf 78' lang='lat' dir='ltr'><strong>Pharnabazo</strong></span> <span class='ocrx_word' id='word_1_46' title='bbox 1463 937 1631 997; x_wconf 88' lang='lat' dir='ltr'><strong>missi</strong></span> <span class='ocrx_word' id='word_1_47' title='bbox 1674 943 1871 1009; x_wconf 83' lang='lat' dir='ltr'><strong>erant,</strong></span> <span class='ocrx_word' id='word_1_48' title='bbox 1915 937 2237 1018; x_wconf 86' lang='lat' dir='ltr'><strong>separatim</strong></span> <span class='ocrx_word' id='word_1_49' title='bbox 2282 944 2557 1018; x_wconf 79' lang='lat' dir='ltr'><strong>agerent,</strong></span> <span class='ocrx_word' id='word_1_50' title='bbox 2597 957 2826 997; x_wconf 86' lang='lat' dir='ltr'><strong>summa</strong></span> 
     </span>
     <span class='ocr_line' id='line_1_7' title="bbox 99 1038 2819 1138; baseline 0.001 -26"><span class='ocrx_word' id='word_1_51' title='bbox 99 1061 112 1078; x_wconf 68' lang='lat'>⁸</span> <span class='ocrx_word' id='word_1_52' title='bbox 207 1053 548 1114; x_wconf 83' lang='lat' dir='ltr'><strong>eontentio</strong></span> <span class='ocrx_word' id='word_1_53' title='bbox 579 1055 738 1119; x_wconf 89' lang='lat' dir='ltr'><strong>inter</strong></span> <span class='ocrx_word' id='word_1_54' title='bbox 772 1038 1260 1116; x_wconf 71' lang='lat' dir='ltr'><strong>Lacedaemonios</strong></span> <span class='ocrx_word' id='word_1_55' title='bbox 1299 1054 1549 1127; x_wconf 83' lang='lat' dir='ltr'><strong>exarsit,</strong></span> <span class='ocrx_word' id='word_1_56' title='bbox 1593 1055 1745 1115; x_wconf 84' lang='lat' dir='ltr'><strong>utris</strong></span> <span class='ocrx_word' id='word_1_57' title='bbox 1781 1055 2085 1138; x_wconf 76' lang='lat' dir='ltr'><strong>prioribus</strong></span> <span class='ocrx_word' id='word_1_58' title='bbox 2128 1054 2417 1115; x_wconf 82' lang='lat' dir='ltr'><strong>auxilium</strong></span> <span class='ocrx_word' id='word_1_59' title='bbox 2454 1054 2819 1116; x_wconf 78' lang='lat' dir='ltr'><strong>mitteretur.</strong></span> 
     </span>
     <span class='ocr_line' id='line_1_8' title="bbox 209 1147 2825 1254; baseline 0.001 -24"><span class='ocrx_word' id='word_1_60' title='bbox 209 1169 361 1230; x_wconf 81' lang='lat' dir='ltr'><strong>Sed</strong></span> <span class='ocrx_word' id='word_1_61' title='bbox 411 1188 598 1254; x_wconf 86' lang='lat' dir='ltr'><strong>quum</strong></span> <span class='ocrx_word' id='word_1_62' title='bbox 638 1171 1014 1245; x_wconf 78' lang='lat' dir='ltr'><strong>Alcibiades,</strong></span> <span class='ocrx_word' id='word_1_63' title='bbox 1061 1171 1287 1254; x_wconf 77' lang='lat' dir='ltr'><strong>hospes</strong></span> <span class='ocrx_word' id='word_1_64' title='bbox 1327 1171 1512 1232; x_wconf 80' lang='lat' dir='ltr'><strong>Endii</strong></span> <span class='ocrx_word' id='word_1_65' title='bbox 1555 1171 1771 1254; x_wconf 83' lang='lat' dir='ltr'><strong>ephori</strong></span> <span class='ocrx_word' id='word_1_66' title='bbox 1813 1181 2129 1253; x_wconf 79' lang='lat' dir='ltr'><strong>paternuS,</strong></span> <span class='ocrx_word' id='word_1_67' title='bbox 2174 1147 2609 1248; x_wconf 73' lang='lat' dir='ltr'><strong>studiosissime</strong></span> <span class='ocrx_word' id='word_1_68' title='bbox 2654 1170 2825 1232; x_wconf 84' lang='lat' dir='ltr'><strong>Chiis</strong></span> 
     </span>
    </p>
   </div>
   <div class='ocr_carea' id='block_1_3' title="bbox 204 1279 2823 1486">
    <p class='ocr_par' dir='ltr' id='par_1_3' title="bbox 204 1279 2823 1486">
     <span class='ocr_line' id='line_1_9' title="bbox 204 1279 2823 1373; baseline 0 -27"><span class='ocrx_word' id='word_1_69' title='bbox 204 1286 468 1348; x_wconf 78' lang='lat' dir='ltr'><strong>faveret</strong></span> <span class='ocrx_word' id='word_1_70' title='bbox 487 1330 508 1360; x_wconf 91' lang='lat'><strong>,</strong></span> <span class='ocrx_word' id='word_1_71' title='bbox 552 1289 990 1351; x_wconf 61' lang='lat' dir='ltr'><strong>Lacedaemonii</strong></span> <span class='ocrx_word' id='word_1_72' title='bbox 1029 1288 1324 1350; x_wconf 80' lang='lat' dir='ltr'><strong>Chiorum</strong></span> <span class='ocrx_word' id='word_1_73' title='bbox 1357 1297 1434 1350; x_wconf 78' lang='lat' dir='ltr'><strong>=et</strong></span> <span class='ocrx_word' id='word_1_74' title='bbox 1479 1279 1907 1373; x_wconf 84' lang='lat' dir='ltr'><strong>Tissaphernis</strong></span> <span class='ocrx_word' id='word_1_75' title='bbox 1946 1311 2047 1351; x_wconf 86' lang='lat' dir='ltr'><strong>res</strong></span> <span class='ocrx_word' id='word_1_76' title='bbox 2089 1290 2281 1352; x_wconf 89' lang='lat' dir='ltr'><strong>multo</strong></span> <span class='ocrx_word' id='word_1_77' title='bbox 2325 1290 2513 1373; x_wconf 72' lang='lat' dir='ltr'><strong>magis</strong></span> <span class='ocrx_word' id='word_1_78' title='bbox 2558 1287 2823 1370; x_wconf 81' lang='lat' dir='ltr'><strong>amplexi</strong></span> 
     </span>
     <span class='ocr_line' id='line_1_10' title="bbox 205 1403 539 1486; baseline 0.007 -24"><span class='ocrx_word' id='word_1_79' title='bbox 205 1410 366 1464; x_wconf 86' lang='lat' dir='ltr'><strong>sunt</strong></span> <span class='ocrx_word' id='word_1_80' title='bbox 390 1403 539 1486; x_wconf 74' lang='grc'><strong>111).</strong></span> 
     </span>
    </p>
   </div>
   <div class='ocr_carea' id='block_1_4' title="bbox 209 1522 2819 2553">
    <p class='ocr_par' dir='ltr' id='par_1_4' title="bbox 209 1522 2819 2553">
     <span class='ocr_line' id='line_1_11' title="bbox 498 1522 2819 1632; baseline 0 -51"><span class='ocrx_word' id='word_1_81' title='bbox 498 1522 654 1599; x_wconf 78' lang='lat' dir='ltr'><strong>Quae</strong></span> <span class='ocrx_word' id='word_1_82' title='bbox 717 1545 901 1606; x_wconf 83' lang='lat' dir='ltr'><strong>quum</strong></span> <span class='ocrx_word' id='word_1_83' title='bbox 953 1523 1038 1584; x_wconf 84' lang='lat' dir='ltr'><strong>ita</strong></span> <span class='ocrx_word' id='word_1_84' title='bbox 1097 1531 1342 1598; x_wconf 87' lang='lat' dir='ltr'><strong>essent,</strong></span> <span class='ocrx_word' id='word_1_85' title='bbox 1413 1523 1855 1585; x_wconf 78' lang='lat' dir='ltr'><strong>Lacedaemonii</strong></span> <span class='ocrx_word' id='word_1_86' title='bbox 1913 1532 2113 1586; x_wconf 87' lang='lat' dir='ltr'><strong>tamen</strong></span> <span class='ocrx_word' id='word_1_87' title='bbox 2158 1525 2328 1632; x_wconf 82' lang='lat' dir='ltr'><strong>prius</strong></span> <span class='ocrx_word' id='word_1_88' title='bbox 2373 1522 2819 1606; x_wconf 80' lang='lat' dir='ltr'><strong>speculatorem</strong></span> 
     </span>
     <span class='ocr_line' id='line_1_12' title="bbox 209 1620 2817 1725; baseline 0.001 -28"><span class='ocrx_word' id='word_1_89' title='bbox 209 1637 529 1719; x_wconf 82' lang='lat' dir='ltr'><strong>quendam</strong></span> <span class='ocrx_word' id='word_1_90' title='bbox 574 1641 910 1715; x_wconf 84' lang='lat' dir='ltr'><strong>miserunt,</strong></span> <span class='ocrx_word' id='word_1_91' title='bbox 983 1642 1089 1725; x_wconf 84' lang='lat' dir='ltr'><strong>qui</strong></span> <span class='ocrx_word' id='word_1_92' title='bbox 1133 1620 1502 1724; x_wconf 84' lang='lat' dir='ltr'><strong>inspiceret,</strong></span> <span class='ocrx_word' id='word_1_93' title='bbox 1585 1664 1731 1703; x_wconf 87' lang='lat' dir='ltr'><strong>num</strong></span> <span class='ocrx_word' id='word_1_94' title='bbox 1778 1642 1945 1704; x_wconf 82' lang='lat' dir='ltr'><strong>Chiis</strong></span> <span class='ocrx_word' id='word_1_95' title='bbox 1988 1651 2082 1705; x_wconf 84' lang='lat' dir='ltr'><strong>tot</strong></span> <span class='ocrx_word' id='word_1_96' title='bbox 2124 1627 2329 1704; x_wconf 83' lang='lat' dir='ltr'><strong>essent</strong></span> <span class='ocrx_word' id='word_1_97' title='bbox 2368 1663 2591 1714; x_wconf 83' lang='lat' dir='ltr'><strong>naves,</strong></span> <span class='ocrx_word' id='word_1_98' title='bbox 2666 1645 2817 1723; x_wconf 83' lang='lat' dir='ltr'><strong>quot</strong></span> 
     </span>
     <span class='ocr_line' id='line_1_13' title="bbox 209 1755 2810 1830; baseline -0.001 -14"><span class='ocrx_word' id='word_1_99' title='bbox 209 1755 548 1830; x_wconf 78' lang='lat' dir='ltr'><strong>dixissent,</strong></span> <span class='ocrx_word' id='word_1_100' title='bbox 592 1766 655 1819; x_wconf 85' lang='lat' dir='ltr'><strong>et</strong></span> <span class='ocrx_word' id='word_1_101' title='bbox 691 1760 910 1819; x_wconf 87' lang='lat' dir='ltr'><strong>ceteris</strong></span> <span class='ocrx_word' id='word_1_102' title='bbox 947 1759 1012 1819; x_wconf 88' lang='lat' dir='ltr'><strong>in</strong></span> <span class='ocrx_word' id='word_1_103' title='bbox 1025 1759 1236 1821; x_wconf 87' lang='lat' dir='ltr'><strong>rebus</strong></span> <span class='ocrx_word' id='word_1_104' title='bbox 1273 1761 1421 1822; x_wconf 80' lang='lat' dir='ltr'><strong>urbs</strong></span> <span class='ocrx_word' id='word_1_105' title='bbox 1460 1759 1566 1820; x_wconf 88' lang='lat' dir='ltr'><strong>illa</strong></span> <span class='ocrx_word' id='word_1_106' title='bbox 1606 1761 2031 1822; x_wconf 82' lang='lat' dir='ltr'><strong>existimationi</strong></span> <span class='ocrx_word' id='word_1_107' title='bbox 2064 1760 2373 1821; x_wconf 89' lang='lat' dir='ltr'><strong>hominum</strong></span> <span class='ocrx_word' id='word_1_108' title='bbox 2413 1758 2810 1818; x_wconf 86' lang='lat' dir='ltr'><strong>satisfaceret.</strong></span> 
     </span>
     <span class='ocr_line' id='line_1_14' title="bbox 213 1859 2811 1960; baseline -0 -27"><span class='ocrx_word' id='word_1_109' title='bbox 213 1872 666 1937; x_wconf 60' lang='lat' dir='ltr'><strong>Lacedaemonii</strong></span> <span class='ocrx_word' id='word_1_110' title='bbox 714 1899 900 1960; x_wconf 89' lang='lat' dir='ltr'><strong>quum</strong></span> <span class='ocrx_word' id='word_1_111' title='bbox 944 1899 1077 1960; x_wconf 84' lang='lat' dir='ltr'><strong>quae</strong></span> <span class='ocrx_word' id='word_1_112' title='bbox 1133 1859 1512 1938; x_wconf 82' lang='lat' dir='ltr'><strong>audivissent</strong></span> <span class='ocrx_word' id='word_1_113' title='bbox 1567 1899 1714 1940; x_wconf 83' lang='lat' dir='ltr'><strong>vera</strong></span> <span class='ocrx_word' id='word_1_114' title='bbox 1770 1900 1905 1939; x_wconf 89' lang='lat' dir='ltr'><strong>esse</strong></span> <span class='ocrx_word' id='word_1_115' title='bbox 1966 1879 2445 1960; x_wconf 87' lang='lat' dir='ltr'><strong>comperissent,</strong></span> <span class='ocrx_word' id='word_1_116' title='bbox 2516 1883 2580 1936; x_wconf 88' lang='lat' dir='ltr'><strong>et</strong></span> <span class='ocrx_word' id='word_1_117' title='bbox 2622 1873 2811 1935; x_wconf 86' lang='lat' dir='ltr'><strong>Chios</strong></span> 
     </span>
     <span class='ocr_line' id='line_1_15' title="bbox 217 1981 2811 2082; baseline 0 -32"><span class='ocrx_word' id='word_1_118' title='bbox 217 1997 289 2050; x_wconf 82' lang='lat' dir='ltr'><strong>et</strong></span> <span class='ocrx_word' id='word_1_119' title='bbox 330 1981 690 2076; x_wconf 65' lang='lat' dir='ltr'><strong>Erythraeos</strong></span> <span class='ocrx_word' id='word_1_120' title='bbox 729 1995 790 2054; x_wconf 88' lang='lat' dir='ltr'><strong>in</strong></span> <span class='ocrx_word' id='word_1_121' title='bbox 819 1997 1170 2058; x_wconf 86' lang='lat' dir='ltr'><strong>societatem</strong></span> <span class='ocrx_word' id='word_1_122' title='bbox 1205 2003 1598 2078; x_wconf 83' lang='lat' dir='ltr'><strong>receperunt,</strong></span> <span class='ocrx_word' id='word_1_123' title='bbox 1638 2002 1827 2082; x_wconf 85' lang='lat' dir='ltr'><strong>utque</strong></span> <span class='ocrx_word' id='word_1_124' title='bbox 1864 1995 2001 2056; x_wconf 87' lang='lat' dir='ltr'><strong>illis·</strong></span> <span class='ocrx_word' id='word_1_125' title='bbox 2029 1997 2146 2058; x_wconf 88' lang='lat' dir='ltr'><strong>XL</strong></span> <span class='ocrx_word' id='word_1_126' title='bbox 2177 2015 2361 2056; x_wconf 82' lang='lat' dir='ltr'><strong>naves</strong></span> <span class='ocrx_word' id='word_1_127' title='bbox 2402 1993 2811 2061; x_wconf 88' lang='lat' dir='ltr'><strong>mitterentur,</strong></span> 
     </span>
     <span class='ocr_line' id='line_1_16' title="bbox 214 2099 2809 2196; baseline 0 -29"><span class='ocrx_word' id='word_1_128' title='bbox 214 2109 470 2190; x_wconf 86' lang='lat' dir='ltr'><strong>publico</strong></span> <span class='ocrx_word' id='word_1_129' title='bbox 517 2112 770 2173; x_wconf 88' lang='lat' dir='ltr'><strong>consilio</strong></span> <span class='ocrx_word' id='word_1_130' title='bbox 830 2114 1276 2188; x_wconf 82' lang='lat' dir='ltr'><strong>decreverunt,</strong></span> <span class='ocrx_word' id='word_1_131' title='bbox 1359 2099 1526 2196; x_wconf 83' lang='lat' dir='ltr'><strong>quod</strong></span> <span class='ocrx_word' id='word_1_132' title='bbox 1583 2134 1661 2174; x_wconf 84' lang='lat' dir='ltr'><strong>ex</strong></span> <span class='ocrx_word' id='word_1_133' title='bbox 1719 2113 1837 2186; x_wconf 89' lang='lat' dir='ltr'><strong>iis,</strong></span> <span class='ocrx_word' id='word_1_134' title='bbox 1908 2134 2042 2195; x_wconf 82' lang='lat' dir='ltr'><strong>quae</strong></span> <span class='ocrx_word' id='word_1_135' title='bbox 2090 2103 2229 2174; x_wconf 82' lang='lat' dir='ltr'><strong>Chii</strong></span> <span class='ocrx_word' id='word_1_136' title='bbox 2274 2111 2612 2182; x_wconf 87' lang='lat' dir='ltr'><strong>dixissent,</strong></span> <span class='ocrx_word' id='word_1_137' title='bbox 2684 2128 2809 2168; x_wconf 88' lang='lat' dir='ltr'><strong>non</strong></span> 
     </span>
     <span class='ocr_line' id='line_1_17' title="bbox 215 2225 2805 2313; baseline -0.001 -28"><span class='ocrx_word' id='word_1_138' title='bbox 215 2225 414 2287; x_wconf 83' lang='lat' dir='ltr'><strong>minus</strong></span> <span class='ocrx_word' id='word_1_139' title='bbox 467 2230 776 2312; x_wconf 70' lang='lat' dir='ltr'><strong>sexaginta</strong></span> <span class='ocrx_word' id='word_1_140' title='bbox 840 2254 1023 2293; x_wconf 82' lang='lat' dir='ltr'><strong>naves</strong></span> <span class='ocrx_word' id='word_1_141' title='bbox 1078 2234 1165 2293; x_wconf 85' lang='lat' dir='ltr'><strong>ibi</strong></span> <span class='ocrx_word' id='word_1_142' title='bbox 1242 2253 1374 2292; x_wconf 89' lang='lat' dir='ltr'><strong>esse</strong></span> <span class='ocrx_word' id='word_1_143' title='bbox 1433 2231 1786 2293; x_wconf 81' lang='lat' dir='ltr'><strong>viderentur</strong></span> <span class='ocrx_word' id='word_1_144' title='bbox 1805 2231 1949 2313; x_wconf 68' lang='lat'><strong>1³¹²).</strong></span> <span class='ocrx_word' id='word_1_145' title='bbox 2059 2230 2161 2292; x_wconf 90' lang='lat' dir='ltr'><strong>Ac</strong></span> <span class='ocrx_word' id='word_1_146' title='bbox 2234 2230 2495 2312; x_wconf 87' lang='lat' dir='ltr'><strong>primum</strong></span> <span class='ocrx_word' id='word_1_147' title='bbox 2559 2225 2805 2310; x_wconf 85' lang='lat' dir='ltr'><strong>quidem</strong></span> 
     </span>
     <span class='ocr_line' id='line_1_18' title="bbox 219 2343 2801 2434; baseline -0 -32"><span class='ocrx_word' id='word_1_148' title='bbox 219 2343 432 2406; x_wconf 87' lang='lat' dir='ltr'><strong>decem</strong></span> <span class='ocrx_word' id='word_1_149' title='bbox 472 2347 596 2408; x_wconf 89' lang='lat' dir='ltr'><strong>illis</strong></span> <span class='ocrx_word' id='word_1_150' title='bbox 639 2369 822 2412; x_wconf 87' lang='lat' dir='ltr'><strong>naves</strong></span> <span class='ocrx_word' id='word_1_151' title='bbox 870 2357 934 2411; x_wconf 89' lang='lat' dir='ltr'><strong>et</strong></span> <span class='ocrx_word' id='word_1_152' title='bbox 973 2351 1436 2424; x_wconf 64' lang='lat' dir='ltr'><strong>Melana-idam,</strong></span> <span class='ocrx_word' id='word_1_153' title='bbox 1482 2353 1588 2434; x_wconf 87' lang='lat' dir='ltr'><strong>qui</strong></span> <span class='ocrx_word' id='word_1_154' title='bbox 1628 2349 1965 2410; x_wconf 82' lang='lat' dir='ltr'><strong>nauarchus</strong></span> <span class='ocrx_word' id='word_1_155' title='bbox 2006 2349 2079 2412; x_wconf 87' lang='lat' dir='ltr'><strong>iis</strong></span> <span class='ocrx_word' id='word_1_156' title='bbox 2128 2355 2284 2420; x_wconf 82' lang='lat' dir='ltr'><strong>erat,</strong></span> <span class='ocrx_word' id='word_1_157' title='bbox 2326 2345 2567 2407; x_wconf 87' lang='lat' dir='ltr'><strong>missuri</strong></span> <span class='ocrx_word' id='word_1_158' title='bbox 2603 2349 2801 2414; x_wconf 88' lang='lat' dir='ltr'><strong>erant,</strong></span> 
     </span>
     <span class='ocr_line' id='line_1_19' title="bbox 222 2459 2799 2553; baseline -0 -32"><span class='ocrx_word' id='word_1_159' title='bbox 222 2461 439 2523; x_wconf 85' lang='lat' dir='ltr'><strong>deinde</strong></span> <span class='ocrx_word' id='word_1_160' title='bbox 483 2472 658 2527; x_wconf 84' lang='lat' dir='ltr'><strong>terrae</strong></span> <span class='ocrx_word' id='word_1_161' title='bbox 699 2475 870 2528; x_wconf 89' lang='lat' dir='ltr'><strong>motu</strong></span> <span class='ocrx_word' id='word_1_162' title='bbox 917 2468 1080 2530; x_wconf 83' lang='lat' dir='ltr'><strong>facto</strong></span> <span class='ocrx_word' id='word_1_163' title='bbox 1120 2468 1515 2530; x_wconf 85' lang='lat' dir='ltr'><strong>Chalcideum</strong></span> <span class='ocrx_word' id='word_1_164' title='bbox 1540 2465 1662 2553; x_wconf 67' lang='lat'><strong>11&#39;3)</strong></span> <span class='ocrx_word' id='word_1_165' title='bbox 1708 2468 1848 2530; x_wconf 85' lang='lat' dir='ltr'><strong>loco</strong></span> <span class='ocrx_word' id='word_1_166' title='bbox 1898 2464 2289 2530; x_wconf 86' lang='lat' dir='ltr'><strong>Melancridae</strong></span> <span class='ocrx_word' id='word_1_167' title='bbox 2339 2464 2579 2524; x_wconf 86' lang='lat' dir='ltr'><strong>mittere</strong></span> <span class='ocrx_word' id='word_1_168' title='bbox 2625 2459 2799 2523; x_wconf 79' lang='lat' dir='ltr'><strong>volu-</strong></span> 
     </span>
    </p>
   </div>
   <div class='ocr_carea' id='block_1_5' title="bbox 221 2704 2816 3521">
    <p class='ocr_par' dir='ltr' id='par_1_5' title="bbox 221 2704 2816 3521">
     <span class='ocr_line' id='line_1_20' title="bbox 365 2704 2798 2777; baseline -0.007 -4"><span class='ocrx_word' id='word_1_169' title='bbox 365 2704 409 2737; x_wconf 81' lang='lat'><strong>¹¹</strong></span> <span class='ocrx_word' id='word_1_170' title='bbox 417 2706 463 2772; x_wconf 79' lang='grc'><strong>1)</strong></span> <span class='ocrx_word' id='word_1_171' title='bbox 535 2708 724 2762; x_wconf 75' lang='lat' dir='ltr'><strong>Thuc-</strong></span> <span class='ocrx_word' id='word_1_172' title='bbox 762 2712 913 2772; x_wconf 74' lang='grc' dir='ltr'><strong>ἮΠ,</strong></span> <span class='ocrx_word' id='word_1_173' title='bbox 953 2712 989 2766; x_wconf 87' lang='grc'>6</span> <span class='ocrx_word' id='word_1_174' title='bbox 1003 2731 1020 2777; x_wconf 82' lang='lat'>3</span> <span class='ocrx_word' id='word_1_175' title='bbox 1061 2714 1133 2767; x_wconf 82' lang='lat' dir='ltr'><strong>cf.</strong></span> <span class='ocrx_word' id='word_1_176' title='bbox 1173 2714 1327 2767; x_wconf 90' lang='lat' dir='ltr'><strong>Plut.</strong></span> <span class='ocrx_word' id='word_1_177' title='bbox 1365 2712 1548 2767; x_wconf 83' lang='lat' dir='ltr'><strong>Alcib.</strong></span> <span class='ocrx_word' id='word_1_178' title='bbox 1585 2732 1634 2767; x_wconf 92' lang='lat' dir='ltr'><strong>c.</strong></span> <span class='ocrx_word' id='word_1_179' title='bbox 1660 2712 1878 2766; x_wconf 85' lang='lat' dir='ltr'>XXIV.</span> <span class='ocrx_word' id='word_1_180' title='bbox 1934 2708 2125 2765; x_wconf 88' lang='lat' dir='ltr'><strong>Minus</strong></span> <span class='ocrx_word' id='word_1_181' title='bbox 2165 2710 2430 2761; x_wconf 88' lang='lat' dir='ltr'><strong>accurate</strong></span> <span class='ocrx_word' id='word_1_182' title='bbox 2464 2705 2584 2759; x_wconf 81' lang='lat' dir='ltr'><strong>haec</strong></span> <span class='ocrx_word' id='word_1_183' title='bbox 2624 2718 2798 2771; x_wconf 73' lang='lat' dir='ltr'><strong>expo-</strong></span> 
     </span>
     <span class='ocr_line' id='line_1_21' title="bbox 221 2794 2794 2872; baseline -0.002 -24"><span class='ocrx_word' id='word_1_184' title='bbox 221 2794 331 2849; x_wconf 74' lang='lat' dir='ltr'><strong>suit</strong></span> <span class='ocrx_word' id='word_1_185' title='bbox 367 2797 526 2851; x_wconf 83' lang='lat' dir='ltr'><strong>Diod.</strong></span> <span class='ocrx_word' id='word_1_186' title='bbox 559 2800 670 2853; x_wconf 83' lang='lat' dir='ltr'><strong>Sic.</strong></span> <span class='ocrx_word' id='word_1_187' title='bbox 705 2802 866 2867; x_wconf 85' lang='lat' dir='ltr'><strong>XIll,</strong></span> <span class='ocrx_word' id='word_1_188' title='bbox 905 2802 996 2865; x_wconf 70' lang='lat'><strong>34,</strong></span> <span class='ocrx_word' id='word_1_189' title='bbox 1037 2823 1138 2859; x_wconf 86' lang='lat' dir='ltr'><strong>nee</strong></span> <span class='ocrx_word' id='word_1_190' title='bbox 1175 2808 1285 2861; x_wconf 87' lang='lat' dir='ltr'><strong>sibi</strong></span> <span class='ocrx_word' id='word_1_191' title='bbox 1321 2814 1570 2872; x_wconf 81' lang='lat' dir='ltr'><strong>constat3</strong></span> <span class='ocrx_word' id='word_1_192' title='bbox 1609 2806 1682 2860; x_wconf 79' lang='lat' dir='ltr'><strong>cf.</strong></span> <span class='ocrx_word' id='word_1_193' title='bbox 1723 2824 1769 2857; x_wconf 88' lang='lat' dir='ltr'><strong>c.</strong></span> <span class='ocrx_word' id='word_1_194' title='bbox 1808 2804 1893 2857; x_wconf 79' lang='lat'><strong>36.</strong></span> <span class='ocrx_word' id='word_1_195' title='bbox 1919 2798 2234 2867; x_wconf 58' lang='lat' dir='ltr'><strong>-t-Jamdiu</strong></span> <span class='ocrx_word' id='word_1_196' title='bbox 2273 2800 2421 2853; x_wconf 86' lang='lat' dir='ltr'><strong>inter</strong></span> <span class='ocrx_word' id='word_1_197' title='bbox 2441 2795 2794 2851; x_wconf 82' lang='lat' dir='ltr'><strong>Alcibiadem</strong></span> 
     </span>
     <span class='ocr_line' id='line_1_22' title="bbox 226 2884 2795 2971; baseline 0 -33"><span class='ocrx_word' id='word_1_198' title='bbox 226 2889 280 2939; x_wconf 79' lang='lat' dir='ltr'><strong>et</strong></span> <span class='ocrx_word' id='word_1_199' title='bbox 315 2888 481 2943; x_wconf 83' lang='lat' dir='ltr'><strong>Chios</strong></span> <span class='ocrx_word' id='word_1_200' title='bbox 518 2890 904 2949; x_wconf 80' lang='lat' dir='ltr'><strong>intercedebat</strong></span> <span class='ocrx_word' id='word_1_201' title='bbox 939 2884 1258 2965; x_wconf 76' lang='lat' dir='ltr'><strong>conjunctio</strong></span> <span class='ocrx_word' id='word_1_202' title='bbox 1296 2901 1548 2971; x_wconf 62' lang='lat' dir='ltr'><strong>quaedam</strong></span> <span class='ocrx_word' id='word_1_203' title='bbox 1583 2898 1807 2967; x_wconf 80' lang='lat' dir='ltr'><strong>legibus</strong></span> <span class='ocrx_word' id='word_1_204' title='bbox 1861 2894 1961 2949; x_wconf 63' lang='lat' dir='ltr'><strong>vix</strong></span> <span class='ocrx_word' id='word_1_205' title='bbox 1996 2893 2271 2964; x_wconf 81' lang='lat' dir='ltr'><strong>permissu</strong></span> <span class='ocrx_word' id='word_1_206' title='bbox 2306 2889 2605 2959; x_wconf 78' lang='lat' dir='ltr'><strong>(Andocid.</strong></span> <span class='ocrx_word' id='word_1_207' title='bbox 2646 2892 2795 2939; x_wconf 89' lang='lat' dir='ltr'><strong>cont.</strong></span> 
     </span>
     <span class='ocr_line' id='line_1_23' title="bbox 224 2978 2795 3060; baseline -0.004 -21"><span class='ocrx_word' id='word_1_208' title='bbox 224 2978 396 3033; x_wconf 56' lang='grc' dir='ltr'><strong>ΛΜΗ).</strong></span> <span class='ocrx_word' id='word_1_209' title='bbox 421 2984 506 3039; x_wconf 76' lang='lat' dir='ltr'><strong>ed.</strong></span> <span class='ocrx_word' id='word_1_210' title='bbox 531 2986 754 3039; x_wconf 80' lang='lat' dir='ltr'><strong>Bekker</strong></span> <span class='ocrx_word' id='word_1_211' title='bbox 789 2994 832 3052; x_wconf 87' lang='grc' dir='ltr'><strong>Ι,</strong></span> <span class='ocrx_word' id='word_1_212' title='bbox 869 3008 923 3059; x_wconf 82' lang='lat' dir='ltr'><strong>p.</strong></span> <span class='ocrx_word' id='word_1_213' title='bbox 943 2990 1045 3043; x_wconf 85' lang='lat'><strong>155</strong></span> <span class='ocrx_word' id='word_1_214' title='bbox 1081 2994 1106 3060; x_wconf 86' lang='lat'><strong>§</strong></span> <span class='ocrx_word' id='word_1_215' title='bbox 1142 2991 1259 3059; x_wconf 76' lang='lat'><strong>30),</strong></span> <span class='ocrx_word' id='word_1_216' title='bbox 1292 2999 1353 3044; x_wconf 87' lang='lat' dir='ltr'><strong>ut</strong></span> <span class='ocrx_word' id='word_1_217' title='bbox 1382 2991 1653 3043; x_wconf 85' lang='lat' dir='ltr'><strong>Chiorum</strong></span> <span class='ocrx_word' id='word_1_218' title='bbox 1686 2988 1885 3042; x_wconf 83' lang='lat' dir='ltr'><strong>civitas</strong></span> <span class='ocrx_word' id='word_1_219' title='bbox 1911 2984 2191 3040; x_wconf 80' lang='lat' dir='ltr'><strong>Alcibiadi</strong></span> <span class='ocrx_word' id='word_1_220' title='bbox 2225 2982 2495 3054; x_wconf 85' lang='lat' dir='ltr'><strong>pabulum</strong></span> <span class='ocrx_word' id='word_1_221' title='bbox 2521 2996 2795 3051; x_wconf 84' lang='lat' dir='ltr'><strong>equorum</strong></span> 
     </span>
     <span class='ocr_line' id='line_1_24' title="bbox 225 3069 2789 3154; baseline 0 -31"><span class='ocrx_word' id='word_1_222' title='bbox 225 3079 281 3123; x_wconf 87' lang='lat' dir='ltr'><strong>et</strong></span> <span class='ocrx_word' id='word_1_223' title='bbox 312 3072 518 3127; x_wconf 83' lang='lat' dir='ltr'><strong>hostias</strong></span> <span class='ocrx_word' id='word_1_224' title='bbox 572 3078 738 3131; x_wconf 83' lang='lat' dir='ltr'><strong>certis</strong></span> <span class='ocrx_word' id='word_1_225' title='bbox 789 3081 1125 3149; x_wconf 85' lang='lat' dir='ltr'><strong>quibusdam</strong></span> <span class='ocrx_word' id='word_1_226' title='bbox 1165 3083 1515 3154; x_wconf 81' lang='lat' dir='ltr'><strong>temporibus</strong></span> <span class='ocrx_word' id='word_1_227' title='bbox 1555 3083 1849 3152; x_wconf 82' lang='lat' dir='ltr'><strong>praeberet.</strong></span> <span class='ocrx_word' id='word_1_228' title='bbox 1932 3080 2145 3131; x_wconf 83' lang='lat' dir='ltr'><strong>Praeter</strong></span> <span class='ocrx_word' id='word_1_229' title='bbox 2182 3074 2481 3130; x_wconf 84' lang='lat' dir='ltr'><strong>Andocidis</strong></span> <span class='ocrx_word' id='word_1_230' title='bbox 2516 3075 2556 3126; x_wconf 90' lang='lat' dir='ltr'><strong>l.</strong></span> <span class='ocrx_word' id='word_1_231' title='bbox 2600 3074 2639 3124; x_wconf 88' lang='lat' dir='ltr'><strong>l.</strong></span> <span class='ocrx_word' id='word_1_232' title='bbox 2680 3069 2789 3123; x_wconf 86' lang='lat' dir='ltr'><strong>vid.</strong></span> 
     </span>
     <span class='ocr_line' id='line_1_25' title="bbox 224 3162 2789 3243; baseline 0 -27"><span class='ocrx_word' id='word_1_233' title='bbox 224 3162 368 3221; x_wconf 83' lang='lat' dir='ltr'><strong>Plut.</strong></span> <span class='ocrx_word' id='word_1_234' title='bbox 404 3167 679 3223; x_wconf 87' lang='lat' dir='ltr'><strong>Alcibiad.</strong></span> <span class='ocrx_word' id='word_1_235' title='bbox 736 3190 782 3223; x_wconf 88' lang='lat' dir='ltr'><strong>e.</strong></span> <span class='ocrx_word' id='word_1_236' title='bbox 817 3174 956 3238; x_wconf 85' lang='lat' dir='ltr'>XII,</span> <span class='ocrx_word' id='word_1_237' title='bbox 1021 3176 1318 3229; x_wconf 77' lang='lat' dir='ltr'><strong>Athenaeus</strong></span> <span class='ocrx_word' id='word_1_238' title='bbox 1365 3176 1512 3235; x_wconf 81' lang='lat' dir='ltr'>XII,</span> <span class='ocrx_word' id='word_1_239' title='bbox 1583 3194 1635 3243; x_wconf 90' lang='lat' dir='ltr'><strong>p.</strong></span> <span class='ocrx_word' id='word_1_240' title='bbox 1670 3171 1813 3235; x_wconf 72' lang='lat'><strong>534,</strong></span> <span class='ocrx_word' id='word_1_241' title='bbox 1871 3172 1941 3225; x_wconf 86' lang='lat' dir='ltr'><strong>D.</strong></span> <span class='ocrx_word' id='word_1_242' title='bbox 2040 3164 2171 3223; x_wconf 55' lang='lat' dir='ltr'><strong>&#39;Nou</strong></span> <span class='ocrx_word' id='word_1_243' title='bbox 2220 3166 2398 3238; x_wconf 81' lang='lat' dir='ltr'><strong>igitur</strong></span> <span class='ocrx_word' id='word_1_244' title='bbox 2433 3166 2643 3219; x_wconf 86' lang='lat' dir='ltr'><strong>mirum</strong></span> <span class='ocrx_word' id='word_1_245' title='bbox 2681 3170 2789 3225; x_wconf 80' lang='lat' dir='ltr'><strong>est,</strong></span> 
     </span>
     <span class='ocr_line' id='line_1_26' title="bbox 229 3256 2783 3327; baseline 0 -21"><span class='ocrx_word' id='word_1_246' title='bbox 229 3256 563 3311; x_wconf 79' lang='lat' dir='ltr'><strong>Alcibiadem</strong></span> <span class='ocrx_word' id='word_1_247' title='bbox 615 3262 770 3316; x_wconf 83' lang='lat' dir='ltr'><strong>Chiis</strong></span> <span class='ocrx_word' id='word_1_248' title='bbox 825 3272 980 3319; x_wconf 86' lang='lat' dir='ltr'><strong>tanto</strong></span> <span class='ocrx_word' id='word_1_249' title='bbox 1027 3266 1210 3320; x_wconf 88' lang='lat' dir='ltr'><strong>studio</strong></span> <span class='ocrx_word' id='word_1_250' title='bbox 1267 3265 1817 3319; x_wconf 82' lang='lat' dir='ltr'><strong>Lacedaemoniorum</strong></span> <span class='ocrx_word' id='word_1_251' title='bbox 1870 3261 2150 3320; x_wconf 74' lang='lat' dir='ltr'><strong>auxilium</strong></span> <span class='ocrx_word' id='word_1_252' title='bbox 2220 3275 2426 3327; x_wconf 78' lang='lat' dir='ltr'><strong>parare</strong></span> <span class='ocrx_word' id='word_1_253' title='bbox 2488 3256 2783 3310; x_wconf 84' lang='lat' dir='ltr'><strong>studuisse.</strong></span> 
     </span>
     <span class='ocr_line' id='line_1_27' title="bbox 229 3346 2816 3425; baseline 0.002 -26"><span class='ocrx_word' id='word_1_254' title='bbox 229 3347 364 3416; x_wconf 77' lang='lat' dir='ltr'><strong>Quin</strong></span> <span class='ocrx_word' id='word_1_255' title='bbox 401 3350 572 3403; x_wconf 84' lang='lat' dir='ltr'><strong>etiam</strong></span> <span class='ocrx_word' id='word_1_256' title='bbox 609 3354 806 3423; x_wconf 78' lang='lat' dir='ltr'><strong>Lysias</strong></span> <span class='ocrx_word' id='word_1_257' title='bbox 871 3360 1100 3423; x_wconf 80' lang='lat' dir='ltr'><strong>(contra</strong></span> <span class='ocrx_word' id='word_1_258' title='bbox 1134 3357 1314 3414; x_wconf 85' lang='lat' dir='ltr'><strong>Alcib.</strong></span> <span class='ocrx_word' id='word_1_259' title='bbox 1353 3359 1580 3410; x_wconf 80' lang='lat' dir='ltr'><strong>Bekker</strong></span> <span class='ocrx_word' id='word_1_260' title='bbox 1620 3377 1672 3425; x_wconf 86' lang='lat' dir='ltr'><strong>p.</strong></span> <span class='ocrx_word' id='word_1_261' title='bbox 1709 3355 1811 3408; x_wconf 79' lang='lat'><strong>291</strong></span> <span class='ocrx_word' id='word_1_262' title='bbox 1850 3356 1877 3422; x_wconf 62' lang='grc' dir='ltr'><strong><em>ξ</em></strong></span> <span class='ocrx_word' id='word_1_263' title='bbox 1919 3352 2015 3418; x_wconf 79' lang='lat'><strong>36)</strong></span> <span class='ocrx_word' id='word_1_264' title='bbox 2070 3348 2424 3405; x_wconf 79' lang='lat' dir='ltr'><strong>Alcibiadem</strong></span> <span class='ocrx_word' id='word_1_265' title='bbox 2473 3346 2816 3407; x_wconf 59' lang='lat' dir='ltr'><strong>accusavit,-</strong></span> 
     </span>
     <span class='ocr_line' id='line_1_28' title="bbox 227 3428 2443 3521; baseline 0.002 -29"><span class='ocrx_word' id='word_1_266' title='bbox 227 3440 361 3509; x_wconf 82' lang='lat' dir='ltr'><strong>quod</strong></span> <span class='ocrx_word' id='word_1_267' title='bbox 397 3442 566 3497; x_wconf 88' lang='lat' dir='ltr'><strong>Chios</strong></span> <span class='ocrx_word' id='word_1_268' title='bbox 601 3446 673 3499; x_wconf 84' lang='lat' dir='ltr'><strong>ad</strong></span> <span class='ocrx_word' id='word_1_269' title='bbox 711 3444 1085 3504; x_wconf 77' lang='lat' dir='ltr'><strong>desectioucm</strong></span> <span class='ocrx_word' id='word_1_270' title='bbox 1124 3448 1454 3521; x_wconf 84' lang='lat' dir='ltr'><strong>impulisset.</strong></span> <span class='ocrx_word' id='word_1_271' title='bbox 1530 3449 1621 3501; x_wconf 76' lang='lat' dir='ltr'><strong>Cf.</strong></span> <span class='ocrx_word' id='word_1_272' title='bbox 1657 3464 1775 3517; x_wconf 82' lang='lat' dir='ltr'><strong>quae</strong></span> <span class='ocrx_word' id='word_1_273' title='bbox 1813 3428 1865 3516; x_wconf 74' lang='lat' dir='ltr'><strong>p.</strong></span> <span class='ocrx_word' id='word_1_274' title='bbox 1904 3445 1972 3497; x_wconf 74' lang='lat'><strong>41</strong></span> <span class='ocrx_word' id='word_1_275' title='bbox 2010 3443 2263 3513; x_wconf 84' lang='lat' dir='ltr'><strong>exposita</strong></span> <span class='ocrx_word' id='word_1_276' title='bbox 2296 3448 2443 3497; x_wconf 80' lang='lat' dir='ltr'><strong>suut.</strong></span> 
     </span>
    </p>
   </div>
   <div class='ocr_carea' id='block_1_6' title="bbox 225 3567 2782 4201">
    <p class='ocr_par' dir='ltr' id='par_1_6' title="bbox 225 3567 2782 4201">
     <span class='ocr_line' id='line_1_29' title="bbox 355 3567 2782 3647; baseline 0 -24"><span class='ocrx_word' id='word_1_277' title='bbox 355 3571 450 3638; x_wconf 72' lang='grc'><strong>112)</strong></span> <span class='ocrx_word' id='word_1_278' title='bbox 520 3572 606 3623; x_wconf 87' lang='lat' dir='ltr'><strong>De</strong></span> <span class='ocrx_word' id='word_1_279' title='bbox 655 3572 745 3627; x_wconf 85' lang='lat' dir='ltr'><strong>his</strong></span> <span class='ocrx_word' id='word_1_280' title='bbox 797 3576 986 3628; x_wconf 83' lang='lat' dir='ltr'><strong>verbis</strong></span> <span class='ocrx_word' id='word_1_281' title='bbox 1028 3576 1379 3647; x_wconf 81' lang='lat' dir='ltr'><strong>Thucydidis</strong></span> <span class='ocrx_word' id='word_1_282' title='bbox 1427 3576 1499 3631; x_wconf 79' lang='lat' dir='ltr'><strong>cf.</strong></span> <span class='ocrx_word' id='word_1_283' title='bbox 1534 3576 1767 3644; x_wconf 79' lang='lat' dir='ltr'><strong>Kriiger</strong></span> <span class='ocrx_word' id='word_1_284' title='bbox 1817 3573 1889 3625; x_wconf 85' lang='lat' dir='ltr'><strong>ad</strong></span> <span class='ocrx_word' id='word_1_285' title='bbox 1938 3572 2170 3642; x_wconf 79' lang='lat' dir='ltr'><strong>Dionys.</strong></span> <span class='ocrx_word' id='word_1_286' title='bbox 2222 3567 2551 3639; x_wconf 83' lang='lat' dir='ltr'><strong>historiogr.</strong></span> <span class='ocrx_word' id='word_1_287' title='bbox 2597 3570 2782 3637; x_wconf 82' lang='lat' dir='ltr'><strong>(com-</strong></span> 
     </span>
     <span class='ocr_line' id='line_1_30' title="bbox 225 3662 2779 3738; baseline 0.001 -25"><span class='ocrx_word' id='word_1_288' title='bbox 225 3667 382 3715; x_wconf 84' lang='lat' dir='ltr'><strong>ment.</strong></span> <span class='ocrx_word' id='word_1_289' title='bbox 414 3664 706 3734; x_wconf 74' lang='lat' dir='ltr'><strong>Thucyd.)</strong></span> <span class='ocrx_word' id='word_1_290' title='bbox 761 3684 817 3735; x_wconf 88' lang='lat' dir='ltr'><strong>p.</strong></span> <span class='ocrx_word' id='word_1_291' title='bbox 853 3666 958 3721; x_wconf 83' lang='lat'><strong>288</strong></span> <span class='ocrx_word' id='word_1_292' title='bbox 1008 3686 1063 3726; x_wconf 87' lang='lat' dir='ltr'><strong>n.</strong></span> <span class='ocrx_word' id='word_1_293' title='bbox 1105 3670 1177 3734; x_wconf 80' lang='lat'><strong>6,</strong></span> <span class='ocrx_word' id='word_1_294' title='bbox 1237 3671 1333 3723; x_wconf 85' lang='lat' dir='ltr'><strong>sed</strong></span> <span class='ocrx_word' id='word_1_295' title='bbox 1372 3670 1517 3738; x_wconf 85' lang='lat' dir='ltr'><strong>quod</strong></span> <span class='ocrx_word' id='word_1_296' title='bbox 1555 3666 1741 3721; x_wconf 82' lang='lat' dir='ltr'><strong>addit:</strong></span> <span class='ocrx_word' id='word_1_297' title='bbox 1796 3665 2136 3728; x_wconf 73' lang='lat' dir='ltr'><strong>’&#39;numen-us,</strong></span> <span class='ocrx_word' id='word_1_298' title='bbox 2194 3681 2355 3734; x_wconf 89' lang='lat' dir='ltr'><strong>quem</strong></span> <span class='ocrx_word' id='word_1_299' title='bbox 2394 3662 2571 3715; x_wconf 81' lang='lat' dir='ltr'><strong>facile</strong></span> <span class='ocrx_word' id='word_1_300' title='bbox 2609 3662 2779 3715; x_wconf 85' lang='lat' dir='ltr'><strong>Chius</strong></span> 
     </span>
     <span class='ocr_line' id='line_1_31' title="bbox 226 3746 2780 3827; baseline -0.001 -19"><span class='ocrx_word' id='word_1_301' title='bbox 226 3755 500 3821; x_wconf 82' lang='lat' dir='ltr'><strong>majorem,</strong></span> <span class='ocrx_word' id='word_1_302' title='bbox 546 3774 716 3827; x_wconf 84' lang='lat' dir='ltr'><strong>quam</strong></span> <span class='ocrx_word' id='word_1_303' title='bbox 755 3764 921 3826; x_wconf 84' lang='lat' dir='ltr'><strong>esset,</strong></span> <span class='ocrx_word' id='word_1_304' title='bbox 954 3760 1156 3815; x_wconf 81' lang='lat' dir='ltr'><strong>dixisse</strong></span> <span class='ocrx_word' id='word_1_305' title='bbox 1192 3762 1407 3823; x_wconf 77' lang='lat' dir='ltr'><strong>credaS,</strong></span> <span class='ocrx_word' id='word_1_306' title='bbox 1445 3758 1629 3813; x_wconf 88' lang='lat' dir='ltr'><strong>minus</strong></span> <span class='ocrx_word' id='word_1_307' title='bbox 1666 3746 1988 3811; x_wconf 82' lang='lat' dir='ltr'><strong>offensionis</strong></span> <span class='ocrx_word' id='word_1_308' title='bbox 2022 3757 2230 3819; x_wconf 85' lang='lat' dir='ltr'><strong>habet,</strong></span> <span class='ocrx_word' id='word_1_309' title='bbox 2268 3756 2316 3807; x_wconf 87' lang='lat' dir='ltr'><strong>si</strong></span> <span class='ocrx_word' id='word_1_310' title='bbox 2336 3752 2465 3808; x_wconf 54' lang='grc' dir='ltr'><strong>ἐκεῖ</strong></span> <span class='ocrx_word' id='word_1_311' title='bbox 2498 3752 2669 3806; x_wconf 86' lang='lat' dir='ltr'><strong>simul</strong></span> <span class='ocrx_word' id='word_1_312' title='bbox 2708 3755 2780 3806; x_wconf 88' lang='lat' dir='ltr'><strong>ad</strong></span> 
     </span>
     <span class='ocr_line' id='line_1_32' title="bbox 227 3846 2775 3919; baseline -0.002 -16"><span class='ocrx_word' id='word_1_313' title='bbox 227 3848 526 3917; x_wconf 72' lang='lat' dir='ltr'><strong>Erythraeos</strong></span> <span class='ocrx_word' id='word_1_314' title='bbox 561 3850 868 3915; x_wconf 76' lang='lat' dir='ltr'><strong>refertur&#39;’,</strong></span> <span class='ocrx_word' id='word_1_315' title='bbox 942 3850 1054 3907; x_wconf 75' lang='grc' dir='ltr'><strong>ἐκεῖ</strong></span> <span class='ocrx_word' id='word_1_316' title='bbox 1103 3852 1416 3907; x_wconf 85' lang='lat' dir='ltr'><strong>necessario</strong></span> <span class='ocrx_word' id='word_1_317' title='bbox 1471 3854 1538 3904; x_wconf 89' lang='lat' dir='ltr'><strong>de</strong></span> <span class='ocrx_word' id='word_1_318' title='bbox 1583 3851 1726 3904; x_wconf 90' lang='lat' dir='ltr'><strong>Chio</strong></span> <span class='ocrx_word' id='word_1_319' title='bbox 1780 3849 2213 3919; x_wconf 84' lang='lat' dir='ltr'><strong>intelligendum</strong></span> <span class='ocrx_word' id='word_1_320' title='bbox 2270 3846 2388 3909; x_wconf 59' lang='grc' dir='ltr'><strong>θείς</strong></span> <span class='ocrx_word' id='word_1_321' title='bbox 2467 3846 2564 3897; x_wconf 88' lang='lat' dir='ltr'><strong>sed</strong></span> <span class='ocrx_word' id='word_1_322' title='bbox 2602 3852 2659 3897; x_wconf 86' lang='lat' dir='ltr'><strong>ct</strong></span> <span class='ocrx_word' id='word_1_323' title='bbox 2712 3864 2775 3899; x_wconf 86' lang='lat' dir='ltr'><strong>ex</strong></span> 
     </span>
     <span class='ocr_line' id='line_1_33' title="bbox 229 3937 2776 4017; baseline 0.001 -28"><span class='ocrx_word' id='word_1_324' title='bbox 229 3940 407 3992; x_wconf 84' lang='lat' dir='ltr'><strong>ceteris</strong></span> <span class='ocrx_word' id='word_1_325' title='bbox 459 3941 646 3995; x_wconf 80' lang='lat' dir='ltr'><strong>verbis</strong></span> <span class='ocrx_word' id='word_1_326' title='bbox 697 3951 754 3997; x_wconf 87' lang='lat' dir='ltr'><strong>et</strong></span> <span class='ocrx_word' id='word_1_327' title='bbox 804 3962 903 4015; x_wconf 85' lang='lat' dir='ltr'><strong>per</strong></span> <span class='ocrx_word' id='word_1_328' title='bbox 955 3963 1016 3997; x_wconf 90' lang='lat' dir='ltr'><strong>se</strong></span> <span class='ocrx_word' id='word_1_329' title='bbox 1074 3950 1266 4017; x_wconf 85' lang='lat' dir='ltr'><strong>patet,</strong></span> <span class='ocrx_word' id='word_1_330' title='bbox 1329 3947 1481 3999; x_wconf 84' lang='lat' dir='ltr'><strong>iuter</strong></span> <span class='ocrx_word' id='word_1_331' title='bbox 1529 3961 1701 3997; x_wconf 83' lang='lat' dir='ltr'><strong>naves</strong></span> <span class='ocrx_word' id='word_1_332' title='bbox 1738 3940 1869 3995; x_wconf 85' lang='lat' dir='ltr'><strong>illas</strong></span> <span class='ocrx_word' id='word_1_333' title='bbox 1913 3940 2205 4010; x_wconf 80' lang='lat' dir='ltr'><strong>sexaginta</strong></span> <span class='ocrx_word' id='word_1_334' title='bbox 2243 3937 2414 3990; x_wconf 85' lang='lat' dir='ltr'><strong>etiam</strong></span> <span class='ocrx_word' id='word_1_335' title='bbox 2452 3938 2776 4007; x_wconf 72' lang='lat' dir='ltr'><strong>Erythraea&#39;s</strong></span> 
     </span>
     <span class='ocr_line' id='line_1_34' title="bbox 230 4030 2774 4110; baseline -0.003 -17"><span class='ocrx_word' id='word_1_336' title='bbox 230 4030 413 4091; x_wconf 66' lang='lat' dir='ltr'><strong>fuisse,</strong></span> <span class='ocrx_word' id='word_1_337' title='bbox 462 4034 559 4086; x_wconf 87' lang='lat' dir='ltr'><strong>sed</strong></span> <span class='ocrx_word' id='word_1_338' title='bbox 611 4034 733 4089; x_wconf 83' lang='lat' dir='ltr'><strong>sine</strong></span> <span class='ocrx_word' id='word_1_339' title='bbox 770 4035 940 4091; x_wconf 86' lang='lat' dir='ltr'><strong>dubio</strong></span> <span class='ocrx_word' id='word_1_340' title='bbox 971 4040 1362 4105; x_wconf 69' lang='lat' dir='ltr'><strong>paucissimas,</strong></span> <span class='ocrx_word' id='word_1_341' title='bbox 1403 4040 1474 4093; x_wconf 83' lang='lat' dir='ltr'><strong>cf.</strong></span> <span class='ocrx_word' id='word_1_342' title='bbox 1516 4056 1617 4090; x_wconf 86' lang='lat' dir='ltr'><strong>nos</strong></span> <span class='ocrx_word' id='word_1_343' title='bbox 1656 4056 1710 4107; x_wconf 82' lang='lat' dir='ltr'><strong>p.</strong></span> <span class='ocrx_word' id='word_1_344' title='bbox 1744 4034 1829 4091; x_wconf 79' lang='lat'><strong>33.</strong></span> <span class='ocrx_word' id='word_1_345' title='bbox 1900 4035 2096 4103; x_wconf 87' lang='lat' dir='ltr'><strong>Neque</strong></span> <span class='ocrx_word' id='word_1_346' title='bbox 2130 4031 2329 4110; x_wconf 24' lang='lat' dir='ltr'><strong>videox,</strong></span> <span class='ocrx_word' id='word_1_347' title='bbox 2372 4048 2472 4085; x_wconf 87' lang='lat' dir='ltr'><strong>cur</strong></span> <span class='ocrx_word' id='word_1_348' title='bbox 2507 4048 2774 4085; x_wconf 83' lang='lat' dir='ltr'><strong>numerus</strong></span> 
     </span>
     <span class='ocr_line' id='line_1_35' title="bbox 228 4121 1084 4201; baseline 0.011 -28"><span class='ocrx_word' id='word_1_349' title='bbox 228 4121 432 4175; x_wconf 76' lang='lat' dir='ltr'><strong>navium</strong></span> <span class='ocrx_word' id='word_1_350' title='bbox 465 4125 732 4196; x_wconf 77' lang='lat' dir='ltr'><strong>offendat,</strong></span> <span class='ocrx_word' id='word_1_351' title='bbox 774 4132 849 4184; x_wconf 83' lang='lat' dir='ltr'><strong>cf.</strong></span> <span class='ocrx_word' id='word_1_352' title='bbox 889 4150 941 4201; x_wconf 88' lang='lat' dir='ltr'><strong>p.</strong></span> <span class='ocrx_word' id='word_1_353' title='bbox 981 4130 1084 4185; x_wconf 78' lang='lat'><strong>33!</strong></span> 
     </span>
    </p>
   </div>
   <div class='ocr_carea' id='block_1_7' title="bbox 230 4232 2775 4693">
    <p class='ocr_par' dir='ltr' id='par_1_7' title="bbox 230 4232 2775 4693">
     <span class='ocr_line' id='line_1_36' title="bbox 357 4232 2771 4322; baseline -0.004 -17"><span class='ocrx_word' id='word_1_354' title='bbox 357 4245 447 4314; x_wconf 74' lang='lat'>¹¹³)</span> <span class='ocrx_word' id='word_1_355' title='bbox 518 4251 748 4322; x_wconf 77' lang='lat' dir='ltr'><strong>Kriiger</strong></span> <span class='ocrx_word' id='word_1_356' title='bbox 808 4252 848 4304; x_wconf 90' lang='lat'><strong>1.</strong></span> <span class='ocrx_word' id='word_1_357' title='bbox 903 4252 942 4305; x_wconf 91' lang='grc'><strong>1.</strong></span> <span class='ocrx_word' id='word_1_358' title='bbox 997 4270 1049 4321; x_wconf 86' lang='lat' dir='ltr'><strong>p.</strong></span> <span class='ocrx_word' id='word_1_359' title='bbox 1107 4249 1244 4303; x_wconf 74' lang='lat'>2882</span> <span class='ocrx_word' id='word_1_360' title='bbox 1333 4250 1456 4301; x_wconf 89' lang='lat' dir='ltr'><strong>”Dc</strong></span> <span class='ocrx_word' id='word_1_361' title='bbox 1515 4244 1823 4303; x_wconf 83' lang='lat' dir='ltr'><strong>Chalcide‘o</strong></span> <span class='ocrx_word' id='word_1_362' title='bbox 1873 4232 2164 4317; x_wconf 55' lang='lat' dir='ltr'><strong>requiras,</strong></span> <span class='ocrx_word' id='word_1_363' title='bbox 2222 4241 2585 4298; x_wconf 59' lang='lat' dir='ltr'><strong>Melani-ridie</strong></span> <span class='ocrx_word' id='word_1_364' title='bbox 2643 4242 2771 4295; x_wconf 92' lang='lat' dir='ltr'><strong>loco</strong></span> 
     </span>
     <span class='ocr_line' id='line_1_37' title="bbox 231 4340 2775 4410; baseline -0.002 -19"><span class='ocrx_word' id='word_1_365' title='bbox 231 4340 523 4396; x_wconf 79' lang='lat' dir='ltr'><strong>nauarchus</strong></span> <span class='ocrx_word' id='word_1_366' title='bbox 553 4343 860 4410; x_wconf 67' lang='lat' dir='ltr'><strong>aitsanctus,</strong></span> <span class='ocrx_word' id='word_1_367' title='bbox 900 4362 969 4398; x_wconf 82' lang='lat' dir='ltr'><strong>an</strong></span> <span class='ocrx_word' id='word_1_368' title='bbox 1004 4344 1295 4397; x_wconf 81' lang='lat' dir='ltr'><strong>harmosta</strong></span> <span class='ocrx_word' id='word_1_369' title='bbox 1331 4348 1550 4396; x_wconf 79' lang='lat' dir='ltr'><strong>tantum</strong></span> <span class='ocrx_word' id='word_1_370' title='bbox 1586 4341 1641 4395; x_wconf 87' lang='lat' dir='ltr'><strong>in</strong></span> <span class='ocrx_word' id='word_1_371' title='bbox 1670 4342 1873 4395; x_wconf 87' lang='lat' dir='ltr'><strong>Chium</strong></span> <span class='ocrx_word' id='word_1_372' title='bbox 1904 4340 2120 4393; x_wconf 84' lang='lat' dir='ltr'><strong>missus.</strong></span> <span class='ocrx_word' id='word_1_373' title='bbox 2191 4340 2403 4391; x_wconf 89' lang='lat' dir='ltr'><strong>Verum</strong></span> <span class='ocrx_word' id='word_1_374' title='bbox 2440 4352 2560 4389; x_wconf 87' lang='lat' dir='ltr'><strong>esse</strong></span> <span class='ocrx_word' id='word_1_375' title='bbox 2587 4342 2775 4404; x_wconf 84' lang='lat' dir='ltr'><strong>poste-</strong></span> 
     </span>
     <span class='ocr_line' id='line_1_38' title="bbox 230 4428 2773 4510; baseline -0.003 -25"><span class='ocrx_word' id='word_1_376' title='bbox 230 4433 360 4497; x_wconf 80' lang='lat' dir='ltr'><strong>rius,</strong></span> <span class='ocrx_word' id='word_1_377' title='bbox 389 4433 518 4489; x_wconf 87' lang='lat' dir='ltr'><strong>inde</strong></span> <span class='ocrx_word' id='word_1_378' title='bbox 555 4439 828 4508; x_wconf 83' lang='lat' dir='ltr'><strong>apparet,</strong></span> <span class='ocrx_word' id='word_1_379' title='bbox 861 4438 1010 4505; x_wconf 84' lang='lat' dir='ltr'><strong>quod</strong></span> <span class='ocrx_word' id='word_1_380' title='bbox 1048 4437 1443 4510; x_wconf 85' lang='lat' dir='ltr'><strong>postmodum,</strong></span> <span class='ocrx_word' id='word_1_381' title='bbox 1492 4434 1623 4487; x_wconf 83' lang='lat' dir='ltr'><strong>vivo</strong></span> <span class='ocrx_word' id='word_1_382' title='bbox 1665 4432 1853 4487; x_wconf 79' lang='lat' dir='ltr'><strong>adhue</strong></span> <span class='ocrx_word' id='word_1_383' title='bbox 1886 4432 2191 4485; x_wconf 84' lang='lat' dir='ltr'><strong>Chalc-ideo</strong></span> <span class='ocrx_word' id='word_1_384' title='bbox 2228 4433 2312 4498; x_wconf 86' lang='lat' dir='ltr'><strong>(v.</strong></span> <span class='ocrx_word' id='word_1_385' title='bbox 2346 4448 2392 4483; x_wconf 89' lang='lat' dir='ltr'><strong>c.</strong></span> <span class='ocrx_word' id='word_1_386' title='bbox 2434 4428 2531 4495; x_wconf 72' lang='lat'><strong>21)</strong></span> <span class='ocrx_word' id='word_1_387' title='bbox 2570 4428 2773 4497; x_wconf 72' lang='lat' dir='ltr'><strong>Astyo-</strong></span> 
     </span>
     <span class='ocr_line' id='line_1_39' title="bbox 231 4518 2769 4596; baseline 0.002 -17"><span class='ocrx_word' id='word_1_388' title='bbox 231 4526 351 4579; x_wconf 80' lang='lat' dir='ltr'><strong>chus</strong></span> <span class='ocrx_word' id='word_1_389' title='bbox 396 4529 713 4583; x_wconf 83' lang='lat' dir='ltr'><strong>nauarchus</strong></span> <span class='ocrx_word' id='word_1_390' title='bbox 765 4530 1084 4583; x_wconf 82' lang='lat' dir='ltr'><strong>Cenchreas</strong></span> <span class='ocrx_word' id='word_1_391' title='bbox 1133 4528 1324 4593; x_wconf 74' lang='lat' dir='ltr'><strong>venit,</strong></span> <span class='ocrx_word' id='word_1_392' title='bbox 1381 4518 1521 4595; x_wconf 74' lang='grc' dir='ltr'><strong><em>ᾧπερ</em></strong></span> <span class='ocrx_word' id='word_1_393' title='bbox 1572 4524 1807 4596; x_wconf 74' lang='grc' dir='ltr'><strong>ἐγίγνετο</strong></span> <span class='ocrx_word' id='word_1_394' title='bbox 1856 4520 1957 4595; x_wconf 72' lang='grc' dir='ltr'><strong>ἤδη</strong></span> <span class='ocrx_word' id='word_1_395' title='bbox 1993 4521 2028 4595; x_wconf 83' lang='grc' dir='ltr'><em>ἦ</em></span> <span class='ocrx_word' id='word_1_396' title='bbox 2060 4519 2206 4580; x_wconf 81' lang='grc' dir='ltr'><strong>πᾶσα</strong></span> <span class='ocrx_word' id='word_1_397' title='bbox 2240 4527 2501 4591; x_wconf 65' lang='grc' dir='ltr'><strong><em>ναυαρχία</em></strong></span> <span class='ocrx_word' id='word_1_398' title='bbox 2536 4522 2613 4585; x_wconf 76' lang='lat'><strong>(0-</strong></span> <span class='ocrx_word' id='word_1_399' title='bbox 2650 4518 2769 4585; x_wconf 82' lang='lat'>2⁰)-</span> 
     </span>
     <span class='ocr_line' id='line_1_40' title="bbox 237 4613 2767 4693; baseline -0.002 -23"><span class='ocrx_word' id='word_1_400' title='bbox 237 4616 368 4685; x_wconf 79' lang='lat' dir='ltr'><strong>[Quae</strong></span> <span class='ocrx_word' id='word_1_401' title='bbox 404 4622 578 4675; x_wconf 84' lang='lat' dir='ltr'><strong>verba</strong></span> <span class='ocrx_word' id='word_1_402' title='bbox 615 4638 681 4676; x_wconf 87' lang='lat' dir='ltr'><strong>eo</strong></span> <span class='ocrx_word' id='word_1_403' title='bbox 717 4629 971 4691; x_wconf 77' lang='lat' dir='ltr'><strong>spectare</strong></span> <span class='ocrx_word' id='word_1_404' title='bbox 1003 4629 1159 4690; x_wconf 83' lang='lat' dir='ltr'><strong>puto,</strong></span> <span class='ocrx_word' id='word_1_405' title='bbox 1196 4623 1345 4693; x_wconf 84' lang='lat' dir='ltr'><strong>quod</strong></span> <span class='ocrx_word' id='word_1_406' title='bbox 1383 4622 1504 4687; x_wconf 86' lang='lat' dir='ltr'><strong>ejus</strong></span> <span class='ocrx_word' id='word_1_407' title='bbox 1542 4620 1801 4672; x_wconf 83' lang='lat' dir='ltr'><strong>decessor</strong></span> <span class='ocrx_word' id='word_1_408' title='bbox 1825 4618 2201 4672; x_wconf 84' lang='lat' dir='ltr'><strong>Melancridas</strong></span> <span class='ocrx_word' id='word_1_409' title='bbox 2236 4633 2343 4668; x_wconf 86' lang='lat' dir='ltr'><strong>non</strong></span> <span class='ocrx_word' id='word_1_410' title='bbox 2382 4613 2489 4667; x_wconf 86' lang='lat' dir='ltr'><strong>uisi</strong></span> <span class='ocrx_word' id='word_1_411' title='bbox 2509 4613 2767 4667; x_wconf 72' lang='lat' dir='ltr'><strong>Lac-eda:-</strong></span> 
     </span>
    </p>
   </div>
   <div class='ocr_carea' id='block_1_8' title="bbox 71 4706 2767 4787">
    <p class='ocr_par' dir='ltr' id='par_1_8' title="bbox 71 4706 2767 4787">
     <span class='ocr_line' id='line_1_41' title="bbox 71 4706 2767 4787; baseline -0.002 -22"><span class='ocrx_word' id='word_1_412' title='bbox 71 4774 86 4784; x_wconf 33' lang='grc' dir='ltr'><em>Ι</em></span> <span class='ocrx_word' id='word_1_413' title='bbox 186 4733 191 4737; x_wconf 94' lang='grc'><strong><em>·</em></strong></span> <span class='ocrx_word' id='word_1_414' title='bbox 235 4713 524 4770; x_wconf 83' lang='lat' dir='ltr'><strong>moniorum</strong></span> <span class='ocrx_word' id='word_1_415' title='bbox 575 4714 882 4787; x_wconf 81' lang='lat' dir='ltr'><strong>imperium</strong></span> <span class='ocrx_word' id='word_1_416' title='bbox 932 4715 1254 4781; x_wconf 81' lang='lat' dir='ltr'><strong>habuisset,</strong></span> <span class='ocrx_word' id='word_1_417' title='bbox 1321 4712 1640 4786; x_wconf 71' lang='lat' dir='ltr'><strong>Astyochus</strong></span> <span class='ocrx_word' id='word_1_418' title='bbox 1686 4718 1879 4769; x_wconf 78' lang='lat' dir='ltr'><strong>autem</strong></span> <span class='ocrx_word' id='word_1_419' title='bbox 1922 4712 2096 4766; x_wconf 86' lang='lat' dir='ltr'><strong>etiam</strong></span> <span class='ocrx_word' id='word_1_420' title='bbox 2131 4708 2493 4777; x_wconf 84' lang='lat' dir='ltr'><strong>sociorum]&#39;&#39;.</strong></span> <span class='ocrx_word' id='word_1_421' title='bbox 2590 4706 2767 4773; x_wconf 78' lang='lat' dir='ltr'><strong>Addo,</strong></span> 
     </span>
    </p>
   </div>
  </div>
 </body>
</html>
