3225 5400
1680 264 1781 339 38

709 468 1232 552 Peloponnesiaco
1268 466 1438 529 bello
1493 475 1711 530 exorto
1747 466 1889 569 Chii
1929 466 2102 532 inviti
2150 466 2391 551 quidem
2438 474 2503 529 et
2546 464 3030 531 Atheniensibus

447 590 714 673 suspecti
773 589 996 650 auxilia
1052 586 1493 647 ministrabant.
1601 586 1821 648 Altero
1884 587 2023 647 anni
2079 584 2261 666 hujus
2314 585 2471 647 belli
2517 586 2657 647 Chii
2716 592 2780 645 et
2820 586 3035 647 Lesbii

313 783 318 791 Ι
444 711 522 771 Β
557 728 740 771 naves
801 707 882 768 ad
941 705 1388 787 expeditionem
1440 710 1653 765 eontra
1712 704 2086 785 Epidaurum
2152 712 2231 765 et.
2278 678 2611 767 Potidaeam
2686 711 3037 785 susceptam

447 825 671 919 auxilio
713 826 1010 887 miserunt
1056 824 1365 907 (Thucyd.
1417 822 1508 897 II,
1551 824 1663 891 56,
1706 821 1825 896 VI,
1872 823 2007 903 31).
2148 906 2167 917 .

716 945 992 1025 Septimo
1063 962 1220 1005 anno
1293 942 1372 1003 ad
1443 940 1863 1025 Sphacteriam
1924 940 2095 1003 Ghiae
2158 960 2343 1002 naves
2408 939 2502 1002 lv
2555 937 3037 1003 Atheniensibus
3060 936 3075 944 ’

451 1062 773 1123 adfuerunt
821 1061 1047 1142 (Thue.
1098 1058 1212 1139 IV,
1261 1060 1396 1143 13).
1623 1053 1627 1058 ¹
2112 1052 2125 1061 ⁸

716 1178 1012 1260 Ejusdem
1067 1179 1207 1237 anni
1267 1176 1466 1239 hieme
1507 1175 1980 1239 Atheniensibus
2044 1176 2312 1258 suspecti
2366 1172 2508 1236 Chii
2572 1194 2764 1235 novos
2825 1193 3035 1233 muros

455 1295 638 1381 (quos
682 1296 921 1379 quando
965 1294 1432 1371 aedificaverint,
1495 1294 1949 1377 non-traditur)
1999 1294 2279 1355 demoliri
2312 1293 2472 1375 jussi
2516 1300 2659 1353 sunt
2678 1336 2699 1367 ,
2762 1290 3036 1375 quamvis

455 1436 593 1475 cum
632 1414 1104 1476 Atheniensibus
1146 1413 1312 1495 pacti
1351 1420 1577 1484 essent,
1622 1434 1701 1473 ne
1742 1412 1835 1473 illi
1879 1414 2199 1497 quicquam
2240 1413 2305 1471 in
2349 1411 2473 1472 suis
2514 1411 2698 1473 rebus
2744 1398 3039 1472 novarent

457 1534 686 1617 (Thuc.
735 1531 855 1606 lv,
905 1533 1038 1613 51).

723 1648 932 1712 Anno
981 1648 1135 1709 belli
1199 1669 1362 1709 nono
1429 1610 1590 1707 inter
1644 1646 1697 1709 L
1748 1667 1984 1721 ·,naves
2070 1648 2289 1731 quibus
2349 1646 2761 1709 Athenienses
2826 1652 3037 1707 eontra

456 1769 728 1834 Menden
770 1775 835 1828 et
875 1768 1160 1830 Scionam
1203 1764 1652 1847 expeditionem
1694 1764 2037 1839 faciebant,
2110 1766 2322 1829 decem
2365 1774 2537 1830 erant
2586 1766 2758 1828 Chiae
2805 1763 3032 1846 (Thuc-

312 1939 320 1943 -
455 1887 802 1969 1V,129).

449 2024 454 2029 ·
616 2019 625 2025 “
726 2000 914 2065 Αιιιιο
981 2002 1132 2063 belli
1189 2006 1365 2062 sexto
1421 1997 1657 2059 decimo
1698 2000 1989 2062 adversus
2037 2003 2270 2065 Melum
2322 2001 2579 2063 insulam
2636 1954 3039 2062 Athenienses

435 2112 656 2187 'XXX
701 2120 827 2182 suis
877 2120 1173 2192 navibuS,
1257 2138 1367 2179 sex
1404 2116 1613 2189 Chiis,
1702 2118 1934 2181 duabus
1977 2120 2214 2183 Lesbiis
2278 2120 2539 2202 profecti
2604 2125 2745 2199 sunt
2808 2117 3033 2201 (Thnc.
3094 2138 3105 2144 ‘

459 2240 546 2313 v,
587 2239 726 2321 84).

611 2375 619 2384 “
725 2353 827 2417 Ad
893 2352 1345 2433 expeditionem
1415 2353 1582 2414 illam
1637 2353 2097 2415 Atheniensium
2170 2362 2382 2417 contra
2440 2355 2711 2417 Siciliam
2768 2353 2904 2414 Chii
2972 2358 3032 2412 et

459 2474 667 2537 Lesbii
721 2470 1154 2554 quinquaginta
1219 2490 1402 2530 naves
1455 2472 1751 2533 miserunt
1815 2473 2044 2555 (Thue.
2108 2473 2201 2534 vl
2220 2518 2241 2547 ,
2308 2474 2444 2555 31).
2562 2472 2729 2533 Vere
2798 2472 3038 2531 ineunte

459 2593 598 2652 anni
659 2588 876 2649 decimi
935 2587 1134 2649 octavi
1189 2588 1254 2647 in
1312 2589 1580 2649 Siciliam
1638 2592 1857 2651 missus
1922 2570 2016 2651 est
2055 2592 2501 2652 Demosthenes
2548 2612 2685 2651 cum
2733 2590 3045 2671 sexaginta

459 2710 713 2770 navibus
747 2705 1212 2773 Atheniensium
1255 2712 1318 2765 et
1361 2707 1627 2790 quinque
1672 2709 1965 2771 Chiorum
2010 2711 2238 2791 (Thuc.
2289 2710 2441 2784 Vn,
2484 2711 2615 2792 20).

589 2901 606 2908 „
641 2823 682 2908 ἓ
719 2827 823 2888 16.
871 2855 878 2859 ·
915 2823 1041 2883 Sed
1069 2822 1296 2882 infelici
1326 2822 1434 2884 illa
1467 2826 1853 2906 expeditione
1888 2829 2092 2887 fractis
2110 2828 2566 2889 Atheniensium
2600 2828 2851 2900 viribus,
2890 2827 3049 2888 socii

463 2941 712 3026 plurimi
743 2941 1004 3002 deficere
1027 2941 1388 3001 studuerunt
1415 2943 1494 3026 (a.
1515 2943 1901 3005 ccccxm
1916 2968 1971 3005 a.
2010 2945 2160 3007 Chr.
2178 2946 2425 3028 hieme).
2480 2947 2671 3009 Primi
2689 2947 3049 3007 Euboenses

395 3071 402 3083 ’
467 3060 545 3121 ad
575 3059 760 3141 Agin,
801 3079 1008 3140 regem
1029 3059 1488 3141 Spartanorum,
1521 3062 1627 3144 qui
1657 3063 2074 3144 adDeceleam
2096 3073 2250 3138 erat,
2296 3065 2531 3146 legatos
2560 3065 2878 3141 miserunt,
2919 3073 3051 3126 tum

465 3177 673 3240 Lesbii
696 3176 772 3237 de
789 3177 1126 3238 defectione
1153 3198 1290 3238 eum
1313 3180 1611 3241 adierunt.
1666 3182 1905 3259 Quibus
1933 3205 2117 3265 quum
2132 3183 2309 3264 Agis,
2326 3183 2687 3265 posthabitis
2706 3183 3047 3244 Eubocnsi-

465 3297 608 3375 bus,
651 3317 830 3378 opem
861 3297 1030 3356 ferre
1051 3296 1355 3376 prioribus
1392 3299 1726 3372 statuisset,
1776 3299 1916 3361 Chii
1948 3309 2009 3362 et
2039 3299 2377 3382 Erythraei,
2424 3322 2681 3385 quorum
2728 3301 3049 3382 optimates

467 3415 544 3474 ab
578 3411 1048 3475 Atheniensibus
1092 3412 1739 3489 deficere-studebant,
1782 3439 1904 3479 non
1945 3419 2024 3479 ad
2066 3419 2251 3500 Agin,
2301 3421 2409 3480 sed
2440 3420 2630 3502 ipsam
2666 3419 3052 3492 Lacedaemo-

469 3553 609 3592 nem
649 3540 1072 3604 accesserunt3
1167 3553 1304 3591 eum
1361 3533 1576 3594 iisdem
1630 3536 1841 3596 aderat
1904 3536 2083 3596 etiam
2140 3536 2377 3619 legatus
2438 3537 2680 3620 quidam
2747 3561 2785 3599 a
2841 3538 3055 3622 Tissa-

469 3650 701 3731 pherne
720 3692 742 3727 ,
815 3649 920 3732 qui
982 3657 1112 3708 erat
1157 3655 1363 3710 rector
1402 3647 1570 3710 Asiae
1612 3651 1936 3713 inferioris·
1974 3729 1977 3734 Ι
2029 3653 2093 3715 ls
2142 3655 2328 3736 igitur
2373 3656 2859 3740 Peloponnesios
2902 3656 3052 3716 inci-

469 3768 662 3841 tabat,
702 3787 888 3850 seque
921 3767 1220 3849 stipendia
1249 3767 1650 3858 *praebiturum
1687 3769 2117 3851 pollicebatur,
2159 3795 2406 3856 sperans
2438 3776 2597 3848 fore,
2636 3782 2730 3848 ut,
2768 3775 2821 3836 si
2852 3775 3073 3840 Athe-1
3189 3771 3190 3780 ¹

471 3887 766 3946 niensium
807 3886 966 3946 vires
1012 3887 1217 3946 fraetae
1263 3893 1491 3960 essent,
1541 3888 1774 3949 facilius
1817 3890 1881 3949 in
1920 3899 2234 3973 posterum
2267 3895 2534 3968 tributa,
2589 3914 2722 3976 quae
2766 3914 2799 3953 e
2843 3892 3054 3955 civita-

472 3999 638 4064 tibus
683 4003 951 4076 Graeeis,
999 4001 1473 4065 Atheniensibus
1515 4025 1647 4066 rem
1691 4006 2201 4089 impedientibus,
2266 4013 2510 4093 exigere
2553 4033 2676 4072 non
2721 4011 3051 4093 potuisset,

367 4181 378 4186 ς
453 4121 816 4200 ·1·eeiperet;
875 4120 1055 4202 -quod
1093 4120 1272 4181 simul
1325 4143 1400 4182 eo
1457 4123 1711 4184 consilio
1750 4126 1919 4200 fecit,
1955 4134 2025 4190 ut
2068 4129 2661 4192 Laeedaemoniorum
2700 4131 3055 4192 societatem
3189 4203 3190 4214 ἢ

475 4237 666 4300 Dario
735 4237 866 4318 regi
927 4237 1278 4300 conciliaret
1329 4247 1391 4300 et
1435 4240 1786 4324 Amorgen,
1852 4246 1955 4326 qui
2012 4268 2049 4306 a
2090 4267 2237 4328 rege
2286 4247 2526 4311 Cariam
2582 4249 3054 4320 abalienaverat,

477 4474 644 4534 muni
709 4473 963 4536 consilio
1024 4498 1155 4538 rem
1207 4478 1464 4559 agebant
1521 4479 1996 4560 (Thue.v111‚
2071 4483 2163 4566 5).
2290 4484 2527 4546 Eodem
2586 4487 2715 4550 fere
2774 4493 2981 4568 temps
3008 4507 3063 4548 rc

477 4579 798 4672 Galligitus
847 4594 1221 4676 Megarensis
1269 4605 1333 4656 et
1373 4596 1729 4678 Timagoras
1776 4599 2132 4682 Cyzicenus,
2182 4624 2441 4686 quorum
2478 4613 2735 4688 uterque
2778 4625 2813 4665 e
2860 4617 2969 4687 pat

476 4361 582 4416 aut
637 4355 840 4416 vivum
903 4364 1148 4444 caperet
1210 4365 1312 4419 aut
1367 4359 1760 4422 interficeret.
1859 4362 1999 4423 Chii
2058 4365 2243 4446 igitur
2285 4371 2347 4426 et
2394 4367 2839 4451 Tissaphernes
2888 4389 2971 4430 co
3189 4325 3190 4332 ἵ

2974 4348 3191 4719 L

478 4729 584 4768 sua
649 4711 943 4793 profugus
998 4713 1159 4796 apud
1215 4713 1678 4778 Pharnabazum
1734 4717 2062 4801 superioris
2107 4721 2267 4785 Asiae
2310 4732 2611 4788 rectorem
2650 4715 2957 4806 degebat,-
3029 4753 3065 4790 a

3130 4697 3191 4766 ι

2912 4775 3191 5026 t
