3225 5400
1686 246 1789 323 ὃὸ

708 448 790 511 In
828 448 1024 523 bello,
1067 448 1235 533 quod
1280 470 1416 511 eum
1452 410 1713 513 Rhodiis
1753 456 1817 511 et
1856 450 2065 513 Attalo
2110 450 2299 535 gessit
2336 452 2689 537 Philippus,
2738 450 3053 515 Chiorum

451 569 709 633 amicitia
747 568 841 629 usi
865 574 1033 633 :suut
1074 564 1328 629 Rhodii.
1415 568 1633 651 ltaque
1678 576 1821 649 post
1864 569 2165 653 proelium
2210 571 2425 633 navale
2469 572 2546 634 ad
2596 568 2813 653 Chium
2866 594 3049 635 eom-

447 690 722 762 missum,
767 686 1148 748 Rhodiorum
1190 706 1372 747 naves
1414 686 1478 745 in
1510 694 1693 768 portu
1721 686 2012 749 Chiorum
2046 689 2363 751 stationem
2388 688 2733 753 hahuerunt
2776 692 3041 775 (Polyb.

447 808 632 881 XVI,
655 808 724 880 2,
751 804 912 886 seq.)
1006 803 1109 865 ob
1155 803 1280 864 id
1259 825 1458 910 ipsum
1505 804 1831 886 Philippus
1878 807 2069 867 iratus
2118 807 2257 868 Chii
2302 809 2667 890 occupaudae
2712 808 3046 871 consilium

391 916 398 925 ⁵
441 926 684 1008 cepisse
730 924 994 985 videtur.
1114 922 1281 999 Quin
1337 902 1514 981 etiam
1557 921 1778 985 Chium
1834 946 1871 983 a
1917 924 2207 1007 Philippo
2266 934 2667 1015 expugnatam
2710 947 2885 999 esse,
2952 926 3042 987 ad

446 1065 668 1105 annum
720 1041 830 1104 GC
888 1064 945 1102 a.
994 1040 1145 1101 Chr.
1191 1061 1254 1099 n.
1315 1039 1507 1100 tradit
1550 1040 1863 1123 Appianas
1934 1044 2116 1125 (Exe.
2169 1043 2247 1105 de
2305 1044 2492 1126 legat.
2540 1044 2727 1119 XXI,
2782 1066 2851 1127 p·
2902 1044 3039 1109 5⁰8

447 1158 852 1241 Schweigh.).
995 1158 1123 1219 Sed
1177 1156 1272 1217 illi
1333 1158 1691 1221 adversatur
1748 1160 2117 1221 Plutarchus
2190 1162 2292 1245 (de
2351 1163 2495 1224 virt.
2560 1163 2713 1224 mul.
2776 1184 2833 1223 c.
2904 1162 3038 1235 111,

301 1332 310 1335 .
445 1282 684 1343 Hutten
727 1276 910 1351 VIII,
957 1297 1024 1359 p.
1070 1277 1198 1339 268
1243 1276 1474 1359 seqqq)
1527 1277 1751 1339 virtute
1798 1279 2116 1342 mulierum
2164 1287 2227 1340 et
2269 1280 2388 1341 fide
2436 1300 2753 1344 servorum
2795 1282 3035 1343 factum

445 1420 581 1461 esse
630 1409 938 1467 enarrans,
986 1402 1056 1455 ut
1097 1394 1420 1478 Philippus
1466 1418 1501 1457 a
1547 1396 1688 1457 Chii
1728 1394 2075 1465 moenibu'v.
2072 1397 2527 1481 depelleretur.

705 1531 872 1594 Fieri
911 1530 1211 1611 potuisse,
1256 1536 1326 1590 ut
1371 1528 1714 1591 Antiochus
1756 1484 1866 1591 ille
1910 1530 2175 1615 Magnus
2206 1501 2393 1595 ctiio
2394 1496 2513 1615 pes
2542 1522 2731 1595 hreve
2775 1532 3033 1615 aliquod

437 1659 678 1732 tempus
720 1648 1060 1729 potiretur,
1131 1669 1315 1729 supra
1359 1648 1446 1731 (p.
1494 1648 1602 1730 57)
1648 1650 2008 1710 monuimus.
2104 1651 2232 1713 Sed
2277 1652 2340 1711 in
2385 1651 2600 1722 hello,
2670 1650 2839 1733 quod
2884 1672 3028 1711 eum

440 1764 756 1831 Antiocho·
792 1766 931 1839 fuit,
974 1764 1264 1827 Romanis
1298 1764 1504 1826 ‘Chius
1546 1766 1861 1843 utilissima
1904 1769 2017 1827 fuit
2060 1775 2124 1828 et
2168 1769 2539 1831 fidelissima.
2640 1767 2832 1829 Chius
2886 1776 3027 1829 erat

441 1887 728 1949 horreum
781 1882 1083 1943 Romanis
1101 1926 1122 1956 ,
1191 1902 1380 1969 eoque
1435 1904 1643 1945 omnes
1702 1906 1777 1945 ex
1820 1885 2017 1946 Italia
2072 1889 2267 1948 missae
2315 1889 2622 1949 onerariae
2669 1885 3027 1969 dirigebant

442 2026 682 2068 cursum
749 2002 910 2085 (Liv.
961 2001 1306 2075 XXXVII,
1349 2003 1475 2075 273
1559 2004 1640 2063 ef.
1686 2002 1775 2063 id.
1824 2003 2135 2077 XXXVI,
2178 2006 2287 2075 433
2330 2004 2453 2077 453
2518 2003 2859 2083 XXXVII,
2912 2004 3022 2076 14,

360 2115 365 2125 ’
435 2126 563 2197 813
652 2119 921 2202 Appian.
969 2118 1111 2201 Syr.
1162 2139 1220 2179 e.
1266 2120 1510 2201 XXII).
1606 2120 1765 2181 Post
1808 2121 2110 2203 proelium
2156 2122 2232 2182 ad
2279 2122 2683 2205 Myonnesum
2728 2128 3024 2204 quassatae

435 2242 852 2303 Romanorum
895 2222 1082 2299 naves
1138 2237 1202 2296 in
1250 2236 1407 2297 Chio
1454 2238 1828 2298 reficiuntur.
1909 2281 1929 2289 ,
1949 2238 2164 2321 Itaque
2210 2239 2380 2301 hello
2424 2240 2713 2301 Romanis
2758 2238 3021 2329 feliciter

429 2358 606 2419 'finito
655 2354 794 2455 Chii
835 2354 1096 2437 praemiis
1160 2356 1356 2416 ornati
1399 2362 1560 2415 suut.
1688 2354 1874 2415 Chios
1928 2376 2163 2440 quoque
2218 2366 2282 2417 et
2336 2356 2687 2439 Smyrnaeo-r
2742 2365 2803 2418 et
2854 2356 3013 2439 Ery-

434 2478 658 2538 ‘thr-mos
685 2494 806 2558 pro
846 2474 1164 2556 singulari
1198 2472 1349 2553 fide,
1399 2494 1584 2559 quam
1614 2494 1685 2534 eo
1734 2474 1887 2534 bello
1924 2477 2367 2557 praestiterunt,
2415 2484 2475 2536 et
2508 2498 2664 2560 aqu-o
2703 2477 3022 2539 donarunt

437 2601 498 2655 et
541 2594 610 2653 in
648 2578 824 2651 ⁸omni
859 2592 1172 2673 praecipuo
1230 2591 1462 2651 honore
1509 2591 1858 2651 habuerunt
1895 2590 2169 2653 Romani
2232 2593 2401 2674 (Liv.
2436 2593 2825 2669 XXXVIII,
2888 2596 3013 2670 893

434 2709 662 2794 Polyb.
707 2709 928 2782 xxn,
973 2711 1060 2772 27
1114 2707 1153 2792 ς
1192 2708 1284 2790 6).
1377 2709 1442 2769 Is
1485 2729 1631 2789 ager
1676 2709 1782 2768 uhi
1820 2711 2028 2782 fuerit,
2074 2674 2197 2770 n'on
2237 2711 2521 2774 traditur.

700 2843 776 2904 Iu
810 2842 1007 2915 hello,
1053 2842 1394 2938 quodcum
1434 2843 1667 2904 Perseo
1710 2843 1823 2902 fuit
1864 2841 2121 2902 Eumeni
2164 2852 2226 2905 et
2266 2835 2581 2918 Romanis,
2634 2867 2816 2928 quum
2836 2866 3015 2930 *prze-

317 3033 322 3036 ,
431 2963 578 3024 fecti
625 2961 867 3044 quidam
908 2959 1195 3042 Eumenis
1254 2961 1414 3021 iuter
1457 2960 1855 3042 Erythrarum
1901 2961 2382 3040 promontorium
2434 2963 2764 3044 Chiumque
2785 3006 2809 3036 ,
2882 2985 3005 3046 qua

431 3081 794 3142 artissimum
837 3085 931 3138 est
971 3078 1219 3151 fretum,
1264 3100 1298 3137 a
1343 3078 1779 3139 Macedonibus
1824 3077 2023 3138 subito
2069 3079 2345 3163 oppressi
2390 3087 2616 3152 essent,
2660 3087 2722 3139 et
2749 3087 3013 3160 propter

431 3161 672 3260 naviuin
714 3217 902 3278 genus
949 3195 1214 3257 inhabile
1263 3167 1586 3256 resistendi
1629 3194 1797 3255 nulla
1839 3215 1980 3276 spes
2024 3201 2224 3270 esset,
2297 3196 2400 3256 alii
2445 3196 2739 3280 Erythras
2784 3197 3011 3278 effuge-

425 3323 616 3388 runt,
689 3313 791 3374 alii
839 3313 1048 3395 ejectis
1091 3315 1168 3374 ad
1216 3315 1436 3375 Chium
1489 3314 1741 3376 navibus
1785 3313 1967 3373 effusa
2006 3314 2149 3394 fuga
2188 3314 2403 3374 urbem
2442 3315 2755 3394 petebant.
2880 3314 3013 3376 Sed

413 3432 822 3503 'Macedones,
869 3432 974 3514 qui
1014 3433 1264 3514 propius
1307 3431 1446 3493 urbi
1483 3437 1743 3492 armatos
1782 3437 2213 3514 exposuerant,
2258 3432 2477 3513 partim
2526 3432 2590 3493 in
2637 3432 2735 3494 via
2773 3433 3011 3515 fugien-

427 3555 523 3610 tes
565 3549 772 3609 hostes
815 3547 1021 3629 adepti
1066 3549 1417 3609 ceciderunt
1434 3592 1456 3621 ,
1502 3549 1721 3630 partim
1768 3556 1905 3609 ante
1954 3550 2169 3610 urbem
2216 3549 2525 3611 exclusos.
2646 3550 3011 3612 clauserant

427 3665 585 3726 enim
633 3653 771 3736 Chii
827 3672 1105 3748 portam,
1185 3665 1376 3747 ignari
1430 3667 1534 3749 qui
1581 3667 1863 3748 fugerent
1906 3675 2010 3728 aut
2056 3675 2592 3750 persequerentur.
2701 3667 3007 3730 Triduum

409 3785 552 3844 'fere
601 3784 810 3846 classis
857 3783 1260 3846 Macedonum
1304 3783 1382 3844 ad
1423 3784 1639 3845 urbem
1681 3784 1869 3844 stetit.
1950 3759 1959 3772 Ι
2001 3784 2243 3846 Phanas
2281 3793 2410 3846 tum
2458 3786 2769 3867 progressi
2815 3793 3003 3860 sunt3

418 3901 563 3965 inde
607 3901 804 3964 evecti
843 3901 1069 3963 Delum
1107 3901 1413 3984 trajiciunt
1460 3901 1541 3984 (a.
1593 3900 1897 3964 CLXIIX
1942 3925 2000 3964 a.
2048 3901 2197 3966 Chr.
2247 3925 2312 3964 n.
2356 3903 2494 3967 Liv.
2535 3902 2771 3978 XLIV,
2812 3903 2952 3986 28).

687 4099 730 4184 g
773 4103 881 4164 22.
961 4101 1109 4180 ‚Per
1164 4101 1414 4184 longum
1469 4095 1763 4186 temporis
1820 4103 2080 4186 spatium
2140 4103 2217 4163 de
2275 4101 2460 4166 rebus
2507 4103 2799 4164 Chiorum
2846 4101 3001 4164 nihil

420 4217 708 4279 traditum
756 4226 893 4292 est,
975 4219 1093 4280 nisi
1140 4220 1304 4302 quod
1347 4221 1664 4282 amicitiam
1702 4243 1847 4283 cum
1896 4243 1963 4283 re
2012 4221 2257 4304 publica
2308 4221 2583 4283 Romana
2614 4222 2743 4301 jam
2779 4221 2923 4282 inde
2958 4243 2997 4283 a

417 4335 588 4413 hello
636 4357 773 4396 cum
811 4336 1115 4396 Antiocho
1139 4345 1494 4420 susceptam
1535 4340 1722 4420 magis
1766 4341 1943 4404 etiam
1981 4316 2387 4400 confirmatam
2428 4359 2587 4410 esse,
2648 4337 2995 4420 multosque

420 4452 728 4514 Romanos
775 4454 837 4515 iu
881 4452 1034 4516 Chio
1074 4455 1417 4516 consedisse
1467 4465 1741 4538 apparet.
1857 4457 1984 4517 Sed
2021 4457 2193 4518 initio
2244 4455 2395 4517 belli
2439 4455 2874 4528 Mithridatici,
2930 4455 2993 4516 in

419 4569 656 4651 proelio
701 4571 923 4643 navali,
972 4592 1094 4654 quo
1135 4594 1170 4631 a
1215 4571 1472 4635 Rhodiis
1516 4574 1789 4636 devictus
1832 4583 1926 4635 est
1966 4574 2351 4656 Mithridates
2398 4572 2529 4654 ejus
2562 4568 2713 4634 socii
2747 4574 2995 4633 suerunt

420 4686 556 4749 Chii
585 4689 776 4749 coacti
817 4689 1007 4772 (quod
1049 4691 1355 4774 quomodo
1397 4687 1619 4756 sactum'
1657 4694 1761 4766 sit,
1806 4715 1925 4754 non
1968 4693 2288 4776 traditur)3
2350 4691 2749 4774 imprudentia
2790 4697 2993 4754 autem
