3225 5400
317 584 324 588 ’
419 614 540 676 quo
587 593 780 653 minus
827 590 1027 651 statim
1073 592 1465 671 perlicerent,
1509 596 1676 650 metu
1712 589 2200 664 Atheniensium,
2243 591 2351 673 qui
2391 592 2470 651 ed
2514 592 2765 652 Samum
2808 600 3025 660 erant,

1648 270 1760 343 46

416 472 776 557 Astyoche,
857 472 934 535 si.
956 472 1040 532 ite
1085 470 1202 535 sihi
1242 471 1596 543 videretur,
1665 471 1987 553 imperium
2040 472 2253 535 navale
2296 472 2687 555 abrogarent.
2768 488 2773 493 “
2814 470 3033 549 Quod

416 712 710 794 prohibiti
763 714 905 769 sunt
951 706 1176 789 (Thue.
1226 679 1425 779 VIII,
1486 709 1621 790 39).
1736 707 2111 791 Astyoehum
2173 716 2556 770 cunctantem
2615 707 3024 768 nihilominus

420 829 562 892 Chii
605 837 669 890 et
711 826 1040 889 Pedaritus
1062 836 1106 899 ,'
1135 826 1536 907 legationibus
1579 826 1777 887 missis
1796 870 1817 900 ,
1883 829 2171 908 precibus
2220 827 2636 889 obtundebant
2658 869 2678 898 ,
2740 832 2813 884 ut
2860 824 3023 896 sibi,

419 947 566 1008 dum
605 946 738 1006 fieri
780 952 1018 1025 posset,
1059 946 1334 1005 omnihus
1376 945 1629 1006 navibus
1670 945 1896 1005 auxilio
1940 947 2203 1021 veniret,
2242 966 2412 1007 neve-
2446 944 2763 1005 maximam
2806 942 3021 1003 Joniae

417 1065 636 1125 urbem
677 1064 901 1124 sociam
945 1069 1007 1121 et
1049 1062 1200 1123 mari
1247 1061 1493 1123 excludi
1537 1069 1601 1123 et
1637 1069 1801 1122 terra
1842 1054 2149 1125 'devastari
2191 1070 2527 1144 pateretur.
2623 1060 2777 1123 Nam
2824 1080 3023 1141 quum

422 1182 594 1245 Chiis
635 1180 880 1263 plurimi
923 1187 1126 1240 essent
1173 1181 1373 1252 servi,
1437 1187 1502 1239 et
1541 1182 1621 1241 oh
1666 1194 1797 1241 e'am
1837 1181 2031 1261 ipsam
2078 1202 2318 1241 causam
2354 1204 2391 1241 a
2432 1179 2688 1241 dominis
2736 1178 3019 1258 asperius

421 1306 864 1391 tractarentur,
927 1297 1206 1381 plerique
1253 1319 1486 1370 eorum,
1532 1299 1782 1357 firmatis
1817 1296 1945 1378 jam
1986 1299 2051 1358 in
2093 1282 2249 1361 Chio
2293 1296 2759 1359 Atheniensium
2794 1297 3024 1380 rebus,

421 1418 502 1479 nd
559 1437 666 1478 eos
722 1416 1199 1497 transfugiehant
1221 1460 1242 1489 ,
1311 1418 1416 1498 qui
1485 1438 1703 1499 quum·
1732 1417 2048 1497 regionum
2109 1417 2266 1476 bene
2311 1416 2481 1498 gnari
2530 1422 2758 1488 essent,
2818 1414 3024 1475 Chios

423 1536 710 1621 maximis
759 1534 1136 1595 detrimentis
1203 1534 1569 1596 afficiebant.
1698 1535 2068 1594 Instantibus
2142 1535 2334 1616 igitur·
2399 1534 2570 1595 Chiis
2630 1531 3024 1613 Astyoehus,

425 1676 612 1737 quum
665 1654 830 1713 idem
893 1652 1093 1713 socios
1155 1651 1591 1712 studiosissime
1651 1672 1875 1733 cupere
1923 1651 2199 1725 videret,
2270 1652 2385 1714 etsi
2438 1652 2695 1711 minatus
2740 1656 2896 1722 erat,
2947 1668 3023 1709 se

424 1772 550 1833 illis
600 1792 782 1852 opem
827 1790 952 1829 non
1008 1769 1272 1856 laturum
1326 1789 1459 1829 esse
1479 1812 1500 1842 ,
1565 1776 1765 1829 tamen
1810 1775 2039 1829 mutato
2072 1768 2199 1849 jam
2239 1769 2437 1830 animo
2494 1768 2784 1828 auxilium
2846 1768 3023 1827 ferre

424 1885 677 1971 perabat
769 1888 918 1971 (Th.
965 1886 1147 1961 VIII,
1193 1888 1328 1968 40).
1446 1886 1574 1946 Sed
1620 1886 1763 1945 dum
1800 1886 1930 1946 haec
1969 1894 2297 1967 parantur,
2380 1888 2624 1947 nuntius
2668 1884 2747 1946 ad
2789 1884 3027 1967 Astyo-

376 2089 380 2096 .
427 2007 610 2067 chum
666 2008 985 2088 pervenit,
1081 2004 1677 2071 Lacedaemoniorum
1742 2024 1925 2066 naves
1982 2003 2237 2066 XXVII
2292 2012 2356 2065 et
2406 1994 2837 2091 ξυμβούλους
2885 2002 3025 2083 jam

427 2125 508 2186 ud
545 2124 818 2187 Caunum
885 2144 1018 2184 esse
1042 2166 1064 2195 ,
1137 2144 1259 2205 quo
1319 2130 1575 2204 propter
1630 2127 1857 2183 metum
1915 2121 2372 2184 Atheniensium
2418 2143 2663 2183 cursum
2708 2122 3025 2183 direxerat

429 2243 642 2305 elassis
697 2242 805 2326 inp
872 2240 1100 2322 (Thue.
1154 2239 1313 2301 vm
1323 2284 1346 2311 ,
1411 2242 1496 2302 39
1557 2240 1769 2322 extr.).
1865 2238 2217 2322 Astyochus
2262 2241 2415 2302 nihil
2461 2241 2631 2323 prius
2673 2238 3023 2303 faciendum

416 2360 812 2439 existimans,
874 2381 1068 2442 quem·
1089 2365 1160 2417 ut
1195 2377 1300 2420 eos
1344 2360 1720 2432 conveniret,
1789 2360 2007 2419 omissa
2052 2360 2117 2420 in
2158 2359 2379 2421 Chium
2420 2360 2808 2441 expeditione
2858 2358 3021 2419 Cau·

428 2500 573 2541 num
629 2478 934 2559 navigavit
978 2475 1202 2559 (Thue.
1273 2474 1425 2536 vm
1446 2519 1468 2549 ,
1529 2477 1669 2556 41).
1767 2477 1907 2538 Hac
1951 2463 2121 2538 more
2163 2477 2303 2539 Chii
2350 2499 2535 2559 quum
2578 2477 2643 2537 in
2680 2483 3025 2552 extremum

431 2597 679 2658 deducti
764 2600 968 2655 essent
1047 2594 1370 2654 discrimen
1391 2637 1414 2667 ,
1499 2593 2020 2655 Lacedaemonium
2088 2595 2619 2676 Xenophantidam
2688 2594 3023 2655 Pedaritus

431 2715 723 2780 Rhodum
793 2713 998 2796 (quam
1057 2713 1499 2774 Lacedaemonii
1559 2713 1670 2774 illo
1727 2722 2002 2796 tempore
2061 2713 2389 2787 tenebant,
2452 2714 2576 2775 Th.
2641 2714 2836 2789 VIII,
2902 2715 3019 2796 44)

432 2833 621 2905 misit,
665 2831 771 2914 qui
809 2830 1268 2920 Atheniensium
1310 2853 1584 2906 murum,
1652 2854 1775 2914 quo
1819 2833 2032 2892 urbem
2078 2831 2299 2893 Chium
2346 2833 2825 2906 circumdarent,
2883 2830 3023 2912 jam

435 2969 571 3010 esse
619 2949 960 3009 confectum
1004 2949 1346 3022 nuntiaret,
1393 2972 1463 3010 ae
1500 2950 1578 3010 de
1625 2951 1794 3031 Chiis
1840 2959 2038 3011 aetum
2080 2971 2237 3022 esse,
2284 2951 2399 3011 nisi
2440 2951 2711 3012 omnihus
2754 2949 3009 3010 navibus

412 3066 879 3130 'Lacedaemonii
921 3074 1368 3128 succurrerent.
1466 3067 1639 3128 Inter
1681 3067 1811 3128 haec
1854 3076 2055 3128 autem
2100 3068 2427 3130 Pedaritus
2479 3091 2619 3128 cum
2656 3075 2785 3128 toto
2828 3086 3011 3126 exer-

435 3187 561 3248 citu
623 3193 686 3246 et
774 3171 1283 3246 mercenariorum
1349 3168 1606 3246 militum
1671 3193 1733 3246 et
1780 3186 2091 3258 =Chiorum
2152 3187 2443 3269 impetum
2511 3188 2577 3246 in
2650 3185 3015 3246 munitiones

432 3304 918 3376 Atheniensium,
968 3304 1186 3386 quihus
1221 3323 1404 3366 naves
1442 3311 1797 3384 saepserant,
1840 3304 2035 3378 dedit,
2080 3311 2143 3366 et
2181 3305 2376 3387 primo
2422 3305 2667 3388 quidem
2706 3302 3019 3365 nonnullis

362 3493 371 3499 ,
433 3423 688 3484 navibus
733 3419 1050 3484 subductis
1083 3422 1316 3502 potitus
1363 3429 1496 3494 est3
1541 3422 1763 3482 deinde
1806 3443 1991 3504 quum
2027 3422 2427 3483 Athenienses
2474 3429 2902 3493 occursarent,
2952 3427 3019 3480 et

439 3539 580 3600 Chii
639 3539 828 3620 fugati
883 3546 1024 3598 sunt
1083 3547 1145 3598 et
1197 3538 1521 3600 Pedaritus
1582 3562 1720 3600 cum
1784 3541 2040 3601 maxima
2092 3548 2264 3622 parte
2314 3541 2613 3602 exereitus
2657 3539 3016 3598 interfectus

437 3663 558 3730 est,
612 3656 804 3716 multa
839 3677 1003 3716 arma
1041 3663 1216 3737 capta
1280 3656 1428 3738 (Th.
1477 3657 1660 3731 VIII,
1704 3658 1839 3740 55).
1954 3659 2073 3718 His
2120 3659 2305 3719 rebus
2352 3660 2437 3720 ita
2478 3657 2689 3740 gestis,
2735 3656 3017 3738 graviore

437 3776 618 3835 etiam
672 3774 812 3835 Chii
875 3795 1052 3856 quam
1103 3780 1279 3834 antea
1333 3774 1649 3836 obsidione
1705 3782 1871 3836 terra
1928 3777 2197 3860 marique
2254 3777 2453 3858 pressi
2506 3783 2649 3837 sunt
2706 3781 2769 3834 et
2825 3775 3017 3834 fames

435 3892 550 3955 ruit
591 3891 1113 3952 vehementissima
1157 3891 1306 3973 (Th.
1353 3892 1532 3964 VIII,
1575 3893 1858 3976 56).121)

572 4080 582 4090 ¹
701 4009 982 4091 Denique
1012 3980 1288 4068 ³exeunte
1335 4009 1532 4070 hieme
1567 4010 2047 4085 Lacedaemonii,
2112 4020 2181 4072 ut
2224 4011 2393 4073 Chiis
2440 4011 2677 4072 afflictis
2724 4007 3015 4082 auxilium

383 4135 396 4139 ”
437 4127 704 4198 ferrent,
777 4146 914 4186 enm
955 4124 1234 4188 omnibus
1275 4127 1526 4187 navibus
1569 4128 1793 4190 Rhodo
1835 4131 2185 4212 progressi,
2242 4131 2525 4194 Miletum
2565 4133 3015 4212 perveneruntf.

441 4243 552 4304 sed
586 4243 764 4303 facile
805 4242 1277 4317 intellexerunt,
1325 4244 1443 4306 nisi
1489 4246 1729 4328 proelio
1770 4247 1968 4308 navali
2018 4248 2363 4330 superiores
2405 4248 2551 4310 faeti
2595 4252 2799 4308 essent
2818 4289 2840 4318 ,
2883 4243 3018 4304 fieri

583 4533 686 4601 ¹²¹)
755 4533 888 4586 Huc
940 4531 1228 4603 pertinere
1275 4533 1465 4588 locum
1511 4531 1685 4587 Plinii
1735 4534 1894 4596 XVI,
1933 4535 2005 4590 6:
2070 4537 2450 4610 '’Dulcissimu
2499 4539 2753 4594 omnium
2790 4535 3017 4606 (glans)

441 4623 598 4706 fugi,
647 4630 711 4678 ut
763 4640 876 4695 qun
910 4626 1164 4680 obsessos
1201 4625 1374 4679 etium
1409 4625 1669 4680 homines
1706 4627 1936 4682 durasse
1968 4628 2025 4682 in
2064 4629 2269 4700 oppido
2306 4631 2451 4687 Chio
2488 4633 2679 4688 tradat
2719 4623 3018 4682 Cornelius

441 4715 827 4778 Alexander’a
879 4716 1206 4775 verisimilis
1244 4723 1328 4776 eat
1363 4716 1604 4788 suspicio
1642 4718 1951 4791 Krurupii,
2002 4721 2068 4776 V.
2103 4721 2171 4778 1).
