3225 5400
1702 294 1801 375 32

461 506 676 561 rentur
739 472 890 579 opes
930 495 1184 559 Jonum.
1284 496 1386 557 Aa
1460 494 1785 558 violentam
1850 494 2034 577 igitur
2100 492 2431 555 insularum
2488 499 2631 573 post
2692 492 3079 555 seditionem
3186 497 3188 504 '

463 620 744 680 saniem
801 615 1260 697 oppressionem
1313 616 1445 675 sine
1509 614 1700 675 dubio
1754 614 2003 696 respicit
2050 611 2469 695 Thucydides.
2570 609 2868 671 Similiter
2926 612 3075 671 fere

465 734 892 817 explicandum
935 736 1030 793 est
1051 775 1072 805 ‚
1138 732 1306 815 quod
1351 732 1536 793 tradit
1583 732 1911 815 AEsehylus
1970 732 2173 813 (Pers.
2219 750 2285 791 v.
2332 730 2461 791 884
2506 727 2727 810 Dind.)
2750 772 2773 801 ,
2834 727 3073 789 Chium

467 876 506 915 a
552 852 744 913 Dario
803 850 1101 911 devictam
1161 870 1320 911 esse.
1409 850 1504 911 Ibi
1569 851 1727 912 enim
1788 850 2009 911 chorus
2052 834 2209 931 ⁰(sive
2252 845 2461 927 poeta)
2508 846 2572 904 in
2618 865 2693 905 eo
2746 840 3072 918 versatur,

465 978 535 1031 ut
578 968 858 1029 ostendat
877 1009 899 1038 ,
978 973 1230 1048 quantas
1288 988 1389 1029 res
1434 968 1657 1029 Darius
1716 968 1975 1049 gesserit
1992 1010 2016 1041 ‚
2081 973 2153 1026 ut
2198 984 2337 1025 cum
2380 962 2639 1023 infausta
2673 961 2779 1022 illa
2822 962 3074 1023 Xerxis

469 1086 862 1170 expeditione
905 1092 1351 1165 comparentur.

739 1202 1048 1282 Quicquid
1093 1208 1189 1261 est
1209 1245 1231 1274 ,
1293 1209 1460 1262 certe
1520 1201 1763 1284 quidem
1806 1200 1994 1261 Dario
2038 1199 2363 1281 Hystaspis
2404 1203 2545 1258 ante
2602 1196 2833 1258 hellu-
2881 1196 3074 1257 Juni-

472 1344 610 1385 eum
653 1319 945 1381 tributum
991 1318 1312 1379 solvebant
1356 1320 1540 1401 (Her.
1608 1319 1705 1379 111
1724 1363 1746 1390 ,
1804 1320 1892 1381 9⁰
1910 1362 1932 1389 ,
2004 1317 2100 1378 VI
2118 1359 2140 1389 ‚
2202 1317 2352 1397 42);
2434 1317 2505 1375 'in
2567 1313 3073 1395 expeditionibus

473 1438 678 1520 copias
713 1433 958 1497 navales
1004 1434 1150 1495 dare
1196 1435 1502 1495 dehebant
1518 1478 1541 1508 ,
1606 1434 1772 1516 quod
1814 1435 2061 1517 quidem
2110 1435 2333 1496 factum
2374 1453 2509 1492 esse
2528 1475 2549 1505 ‚
2600 1453 2785 1513 quum
2834 1430 3071 1491 Darius

473 1555 806 1617 exereitum
848 1558 1059 1612 contra
1105 1552 1364 1634 Scythas
1413 1551 1708 1625 duceret,
1785 1550 2065 1632 legimus.
2164 1551 2349 1633 (Her.
2399 1550 2491 1610 IV
2514 1591 2536 1621 ,
2592 1548 2724 1630 89).
2848 1550 3071 1625 Quan-

473 1694 653 1757 quam
701 1671 859 1730 enim
917 1669 994 1730 de
1035 1668 1302 1729 donibus
1359 1670 1657 1730 universis
1699 1668 1885 1730 verba
1941 1670 2085 1729 facit
2128 1667 2485 1729 Herodotus
2532 1666 2605 1747 (l.
2633 1665 2709 1746 l.)
2733 1709 2753 1738 ,
2822 1667 3069 1747 perspi-

475 1811 654 1851 cuum
698 1796 898 1847 tamen
940 1792 1036 1845 est
1055 1828 1078 1859 ,
1144 1785 1372 1858 Chios,
1418 1792 1486 1846 ut
1533 1786 1734 1857 solet,
1798 1786 1957 1845 inter
2001 1785 2143 1845 illos
2194 1792 2537 1845 numeratos
2584 1783 2809 1856 fuisse,
2874 1806 3062 1865 quum

475 1900 723 1969 Strattis
746 1948 767 1978 ,
813 1902 1107 1964 Chiorum
1154 1878 1500 1985 tyn-rannus,
1542 1903 1637 1961 illi
1683 1904 2053 1985 expeditioni
2098 1902 2461 1962 interfuerit,
2496 1957 2511 1965 ,
2555 1900 2681 1983 (cf.
2728 1900 2889 1961 Her.
2940 1902 3056 1975 lv,

474 2026 564 2087 98
599 2030 662 2085 et
708 2020 882 2101 138).
969 2019 1034 2080 Is
1087 2020 1296 2079 Persis
1361 2010 1709 2080 auctoribus
1768 2021 1938 2103 quasi
1976 2021 2297 2100 proet’ectus
2342 2017 2585 2101 quidam
2627 2018 2843 2081 insulae
2887 2020 3061 2080 insti-

477 2148 645 2201 tutus
694 2157 827 2198 esse
879 2137 1143 2197 videtur.
1174 2137 1288 2217 lo⁶)
1376 2138 1771 2218 Quapropter
1836 2137 2085 2198 illorum
2136 2146 2527 2218 tyrannorum
2574 2156 2753 2218 quam
2803 2138 3056 2197 maxime

477 2256 787 2327 interfuit,
848 2260 918 2313 ut
962 2275 1062 2314 res
1107 2255 1434 2314 Persarum
1483 2274 1559 2314 ne
1608 2254 2143 2327 imminuerentur,
2190 2262 2252 2315 ct
2294 2275 2480 2337 quum
2522 2254 2712 2314 ceteri
2753 2254 3057 2335 plerique,

475 2367 605 2437 tum
670 2372 916 2434 Sti-attis
934 2414 959 2443 ,
1063 2371 1357 2432 Chiorum
1427 2378 1717 2453 tyrannus
1743 2416 1763 2445 ,
1848 2378 2097 2452 pontem
2155 2370 2219 2431 in
2291 2370 2453 2431 Istro
2524 2372 2770 2432 flumine
2841 2373 3054 2433 factum

476 2490 740 2555 rescindi
783 2488 979 2549 noluit
1063 2488 1248 2570 (Her.
1293 2488 1425 2562 IV,
1467 2490 1592 2552 138
1634 2488 1823 2571 seq.).
1866 2476 1923 2501 '-

747 2606 890 2667 Non
946 2605 1132 2685 igitur
1185 2606 1403 2666 mirum
1459 2613 1592 2678 est,
1674 2605 1817 2665 illos
1879 2612 2165 2685 tyrannos
2212 2604 2607 2685 popularibus
2650 2606 2772 2666 suis
2814 2606 3055 2667 mim‘m‘e

478 2725 544 2786 iu
579 2721 814 2805 deliciis
861 2722 1076 2796 fuisse,
1121 2730 1184 2783 et
1227 2723 1303 2782 ab
1347 2723 1723 2802 Aristagora,
1763 2723 1963 2782 Joniae
2011 2723 2407 2796 concitatore,
2454 2724 2673 2805 ejectos
2711 2723 2790 2782 ad
2829 2723 3057 2784 Persas

481 2841 824 2921 confugisse
910 2839 1095 2922 (Her.
1139 2838 1258 2912 Vl,
1303 2842 1348 2900 9
1389 2848 1453 2899 et
1490 2841 1607 2910 13,
1652 2838 1739 2912 V,
1784 2840 1917 2921 38).

751 2955 917 3016 Huic
958 2955 1242 3015 seditioni
1281 2956 1570 3016 acerrime
1610 2957 2013 3018 interfuerunt
2058 2955 2232 3029 Chii,
2296 2955 2373 3016 de
2419 2938 2678 3040 quorum
2718 2957 2903 3017 relius
2942 2955 3057 3016 hoc

481 3066 652 3134 bello
697 3071 884 3153 gestis
924 3071 1055 3132 haee
1095 3073 1400 3132 memoriae
1441 3072 1685 3153 prodita
1710 3075 1915 3150 ‚sunts

751 3243 792 3327 ἓ
835 3246 942 3307 12.
1029 3242 1457 3326 Aristagoras,
1535 3253 1858 3330 postquam
1928 3245 2192 3310 Athenis
2268 3247 2553 3311 Miletum
2620 3247 2914 3318 revertit,
2986 3251 3054 3305 ut

482 3362 736 3424 Darium
801 3381 1008 3441 regem
1085 3363 1438 3442 aegritudine
1481 3364 1800 3437 famem-et,
1862 3365 2123 3427 Paeones
2142 3409 2165 3438 ,
2243 3365 2345 3447 qui
2406 3387 2441 3424 a
2501 3365 2711 3426 Persis
2772 3363 2942 3424 inviti
2994 3353 3057 3423 in

486 3477 814 3560 Phrygiam
875 3478 1120 3538 abducti
1165 3486 1339 3538 erant
1379 3480 1562 3561 (Her.
1609 3480 1671 3541 V
1690 3523 1712 3553 ‚
1788 3481 1894 3562 15)
1919 3525 1955 3554 ,‚
2007 3490 2077 3542 ut
2120 3482 2362 3544 domum
2410 3483 2713 3562 fugerent,
2786 3480 3059 3558 hortatus

485 3602 606 3655 est.
703 3593 928 3670 ¹Quod
993 3614 1178 3676 quum
1234 3594 1559 3656 Paeonibus
1618 3566 1970 3676 persrasum
2028 3607 2195 3668 esset
2214 3643 2236 3672 ,
2330 3599 2423 3660 illi
2501 3619 2637 3658 eum
2708 3597 3063 3658 mulieribus

484 3731 558 3771 ac
608 3710 821 3772 liberis
869 3710 1268 3791 aufugerunt,
1344 3733 1651 3796 quumque
1696 3713 1773 3773 ad
1815 3684 1978 3775 mare
2024 3717 2368 3790 venissent,
2445 3715 2665 3776 Chium
2706 3714 3063 3794 transgressi

334 3872 346 3877 ,
434 3873 454 3880 -
479 3827 650 3890 'sunu
785 3827 912 3905 Qui
975 3849 1160 3910 quum
1217 3828 1282 3888 in
1344 3828 1500 3890 Chio
1563 3829 1691 3910 jam
1730 3839 1933 3892 essent
1956 3875 1977 3906 ,
2051 3854 2299 3914 magnus
2350 3834 2676 3894 Persarum
2734 3831 3060 3914 equitatus,

487 3944 594 4026 qui
643 3965 749 4004 eos
801 3951 1157 4024 persecutus
1198 3965 1319 4006 non
1366 3947 1873 4028 deprehenderat,
1940 3951 2149 4010 nuntio
2193 3951 2271 4010 ad
2316 3952 2573 4012 Paeones
2616 3949 2798 4009 misso
2850 3953 3057 4028 postu-

383 4061 388 4065 ’
486 4059 661 4130 lavit,
709 4066 778 4119 nt
813 4059 1120 4131 redirent3
1170 4061 1426 4122 Paeones
1467 4070 1669 4123 autem
1710 4064 2062 4138 noluerunt,
2106 4074 2171 4126 et
2206 4087 2241 4126 a
2280 4066 2449 4128 Chiis
2486 4067 2753 4127 Lesbum
2790 4061 3058 4134 deducti,

487 4195 525 4234 a
565 4174 803 4234 Lesbiis
839 4175 1162 4236 Doriscum
1219 4178 1378 4239 vecti
1397 4221 1419 4251 ,
1493 4178 1635 4240 inde
1700 4181 1763 4240 iu
1805 4181 2109 4242 Paeoniam
2164 4183 2422 4265 pedibus
2482 4189 2783 4255 venerunt
2876 4179 3054 4262 (fler.

487 4289 575 4364 v,
623 4289 758 4373 os).

631 4613 895 4760 ¹⁰⁵)wa.
924 4615 1298 4674 wesen-much
1336 4622 1492 4678 Hen.
1529 4621 1773 4700 atltcrth.
1807 4623 1853 4690 ¹,
1888 4605 1943 4686 1,
1972 4640 2029 4692 p.
2054 4621 2160 4679 2⁷7
2192 4629 2247 4682 et
2278 4624 2539 4682 Panot'lm
2575 4626 2646 4680 de
2682 4627 2802 4681 reb.
2838 4623 3053 4689 Samio-

489 4719 618 4759 rum
659 4722 715 4776 p.
820 4743 837 4761 .
2975 4723 2981 4728 ·
