3225 5400
1415 289 1516 364 63

155 515 301 559 esse
362 491 629 555 videtur.
738 487 1154 554 Romanorum
1213 496 1379 551 certe
1441 489 1819 574 temporibus
1880 513 2037 554 unus
2098 495 2477 577 magistratus
2532 493 2757 586 ἅρχων

155 603 529 696 ἐπώνυμος
569 607 756 670 fuisse
799 609 1080 682 videtur,
1142 616 1211 669 ut
1259 629 1292 668 c
1339 607 1534 668 numis
1579 607 1705 669 illis
1758 610 2135 690 temporibus
2176 613 2380 690 cusis,
2426 616 2489 677 in
2533 615 2753 736 quibus

155 730 443 816 plurimis
491 728 652 788 inest
697 727 1051 808 inscriptio=
1121 726 1276 793 ΕΠ
1311 725 1552 797 ΑΡΧ,
1597 725 1807 786 videre
1855 725 2022 788 licet.

433 871 474 956 ξ
515 873 581 936 3.
675 871 751 932 Ιιι
794 870 1288 952 inscriptionibus
1338 869 1508 930 Chiis
1553 868 1879 951 saepissime
1927 873 2192 934 occurrit
2233 877 2458 938 mentio
2508 879 2755 963 collegii

161 992 522 1076 cujusdam,
547 985 872 1049 “seniorum
910 989 1150 1049 nomine
1200 987 1513 1071 appellati.
1610 988 1703 1055 Οἱ
1744 981 2193 1077 πρεσβύτεροι
2236 994 2621 1075 appellantur
2658 999 2751 1059 in.

161 1111 381 1191 script.
448 1107 610 1190 apud
662 1106 1038 1169 Boeckhium
1097 1107 1146 1168 l.
1193 1105 1243 1167 l.
1304 1129 1366 1167 n.
1412 1107 1583 1168 2220
1636 1127 1768 1189 seq.
1836 1099 1881 1191 ἦ
1941 1109 2415 1195 πρεσβυτέρων
2470 1104 2751 1190 ξύνοδος

159 1228 292 1290 sive
335 1217 417 1292 ‘co'
459 1213 946 1318 πρεσβυτικᾷν,
1008 1224 1160 1286 ibid.
1204 1247 1266 1285 n.
1317 1225 1508 1286 2221.
1601 1222 1798 1304 Cujus
1837 1224 2083 1307 >collegii
2124 1227 2407 1310 princeps
2451 1223 2489 1294 ὅ
2529 1227 2752 1318 ἄρχων

158 1345 545 1416 nominatur3
614 1343 718 1424 qui
754 1349 922 1403 certo
965 1349 1241 1424 tempore
1282 1342 1358 1402 ab
1405 1341 1514 1402 illo
1559 1362 1809 1401 munere
1854 1342 2049 1402 abisse
2095 1344 2357 1408 videtur.
2472 1347 2747 1433 Utraque

155 1462 376 1524 barum
421 1461 903 1545 ‘inscriptionum
963 1460 1305 1520 continetur
1361 1458 1606 1540 collegii
1661 1459 1969 1520 seniorum
2015 1461 2326 1524 decretum
2366 1471 2749 1546 magistratus

160 1580 432 1643 defuncti
486 1568 635 1662 (τοῦ
673 1574 1028 1664 ἄρξαντος)
1095 1576 1448 1639 coronandi.
1557 1576 1657 1636 Ex
1718 1576 1908 1639 altera
1960 1579 2353 1661 inscriptione
2413 1583 2499 1666 (n.
2547 1585 2747 1670 2221)

160 1697 456 1780 suspicari
495 1697 684 1770 licet,
741 1703 975 1777 partem
1022 1703 1200 1755 certe·
1230 1679 1490 1778 aliquam
1530 1693 1893 1776 religionum
1935 1702 1998 1756 et
2038 1696 2323 1758 ludorum
2362 1700 2749 1782 publicorum

161 1814 326 1898 (ταῖν
369 1810 794 1900 γυμνασίων)
877 1811 1043 1872 illius
1091 1811 1333 1893 collegii
1377 1833 1538 1873 curae
1581 1812 1996 1874 demandatam
2038 1814 2224 1875 fuisse
2275 1815 2383 1898 (cs.
2430 1819 2746 1902 inscriptio

103 1935 110 1947 '
163 1934 297 1996 Coa
332 1956 399 1995 ιι.
431 1933 628 2005 2508,
672 1930 877 2012 ibique
907 1929 1242 2010 Boeckh).
1591 1929 1596 1933 ’

432 2050 882 2111 Commemorat
929 2046 1166 2109 Plinius
1218 2045 1524 2128 (XXXII,
1568 2067 1623 2107 S.
1672 1994 1740 2128 ’7)
1792 2047 2105 2108 delubrum
2150 2070 2403 2122 senum3
2467 2069 2589 2132 quo
2634 2072 2745 2112 no-

157 2170 320 2232 mine
367 2167 689 2250 significari
732 2173 881 2248 puto
928 2165 1157 2237 locum,
1211 2185 1332 2246 quo
1382 2165 1777 2225 convenerint
1821 2185 1997 2224 senes
2045 2165 2160 2225 illi.
2229 2164 2330 2227 cf.
2369 2167 2622 2228 Boeckh
2664 2168 2743 2229 ad

157 2311 228 2349 ιι.
271 2288 466 2359 2220,
539 2285 643 2368 qui
687 2305 722 2344 e
767 2275 979 2346 Corais
1024 2280 1234 2344 Atact.
1283 2281 1403 2353 111,
1461 2301 1529 2363 p.
1574 2283 1703 2343 266
1742 2280 1950 2342 laudat
1996 2282 2202 2343 strab.
2254 2283 2437 2356 XIV,
2498 2304 2571 2365 p.
2616 2286 2747 2347 649

28 2461 31 2466 .
159 2405 202 2488 g
242 2407 362 2467 43·
429 2395 508 2469 ‘cd
554 2391 938 2489 γυμνάσιον
998 2399 1136 2466 τῶν
1180 2398 1349 2467 νέων
1400 2435 1487 2448 --
1542 2397 1653 2463 και
1702 2392 1780 2464 τὸ
1822 2388 2219 2485 ’γεροντικόν
2293 2401 2421 2483 (ubi
2464 2407 2743 2483 apertum

26 2561 50 2608 :-
163 2528 282 2593 est,
351 2521 489 2581 loca
535 2519 704 2580 urbis
765 2517 948 2599 Nysae
1007 2514 1515 2625 commemorari).
1625 2515 1771 2576 Huc
1834 2517 2089 2584 fortasse
2151 2518 2419 2599 pertinet
2476 2519 2779 2580 narratio

159 2636 387 2698 AEliani
432 2637 546 2722 (11.
567 2636 654 2699 A.
702 2637 856 2709 XII,
905 2597 1056 2718 sssss
1083 2631 1422 2717 nugatoria,
1454 2639 1703 2717 portum
1744 2630 1928 2692 fuisse
1972 2633 2035 2693 in
2078 2632 2235 2696 Chio
2276 2656 2487 2696 senum
2530 2636 2741 2718 appel-

160 2754 388 2828 latum,
460 2755 729 2847 piscibus
773 2754 1077 2814 cicuribus
1122 2752 1568 2826 abundantem,
1637 2746 1887 2838 οὕςπερ
1954 2742 2082 2818 οὖν
2124 2752 2227 2826 εἷς
2277 2756 2743 2841 παραμυθίαν

159 2871 286 2939 τοῦ
330 2862 553 2958 γήρως
593 2884 738 2947 τοῖς
775 2870 1260 2961 πρεσβυτέροις
1303 2873 1369 2935 οἱ
1417 2870 1583 2936 Χῖοι
1627 2868 1988 2954 τρέφουσι]
2046 2871 2310 2953 (Plinius
2356 2872 2487 2935 1.l.
2538 2874 2741 2957 pisces

159 2990 397 3051 cicures
439 3010 474 3051 e
524 2990 795 3051 manibus
843 2990 1009 3053 vesci
1052 2988 1266 3050 solitos
1312 3008 1447 3048 esse
1485 2986 1665 3069 juxta
1702 3008 1913 3047 senum
1956 2987 2277 3049 delubrum
2318 2990 2553 3074 tradit).

418 3108 821 3191 Inscriptione
881 3109 1137 3191 quadam
1216 3106 1305 3189 (n.
1355 3106 1548 3187 2216)
1614 3098 1661 3190 ἦ
1702 3101 2019 3193 γερουσία
2068 3109 2433 3170 nominatur.
2545 3108 2739 3191 Cujus

159 3203 407 3286 eandem
451 3226 580 3287 sere
629 3228 816 3287 fuisse
872 3226 1167 3287 rationem
1227 3245 1298 3284 ac
1358 3223 1602 3304 colleg-ii
1663 3224 1968 3286 seniorum
2013 3224 2332 3305 suspicor3
2422 3227 2538 3286 nisi
2579 3229 2737 3289 forte

159 3364 340 3405 unum
387 3344 521 3405 fuit‘
555 3343 880 3427 collegium
897 3386 919 3417 ,
1001 3342 1110 3403 illo
1157 3349 1432 3423 tempore
1481 3339 1778 3423 (Trajani)
1827 3340 2067 3401 nomine
2122 3340 2479 3429 γερουσίας
2528 3344 2739 3427 appel·

154 3461 365 3525 latum.
397 3460 516 3544 ¹4²)

1357 3652 1539 3755 lv.

418 3860 459 3945 ἓ
504 3862 565 3926 1.
660 3858 759 3921 De
807 3856 976 3919 cultu
1018 3856 1271 3919 deorum
1313 3862 1377 3915 et
1418 3855 1601 3916 rebus
1644 3848 1830 3915 sacris
1876 3876 2066 3937 pauca
2114 3856 2333 3917 tradita
2374 3862 2539 3920 sunt.

421 3980 666 4042 Summa
731 3986 936 4039 custos
991 3976 1159 4037 urbis
1204 3981 1267 4034 et
1319 3994 1544 4056 praeses
1595 3972 1911 4034 colebatur
1969 3964 2251 4060 Ἀθηνᾶ
2302 3968 2551 4047 πολιάς
2602 3974 2733 4037 sive

156 4095 536 4181 πολιοῦχος,
583 4096 755 4179 cujus
790 4097 918 4157 deae
949 4097 1140 4157 aedcm
1176 4098 1606 4171 commemorat
1640 4091 1997 4152 Herodotus
2031 4092 2108 4174 (1,
2138 4092 2329 4175 loo);
2377 4073 2456 4153 cl'.
2478 4090 2735 4155 Boeckh

25 4198 30 4205 ⁴
156 4216 206 4277 l.
249 4214 296 4274 1.
351 4234 416 4275 ιι.
460 4216 612 4277 407.
725 4216 948 4277 Strabo
1017 4214 1241 4298 (XIII,
1299 4233 1366 4295 p.
1411 4210 1560 4293 601)
1626 4210 1938 4295 antiquum
1979 4207 2214 4291 signum
2254 4210 2554 4274 Minervae*
2594 4209 2733 4273 Chii

293 4458 398 4527 ¹⁴¹)
470 4458 707 4511 Boeckh
737 4456 902 4511 inser.
935 4475 989 4511 ιι.
1017 4455 1177 4521 2216,
1227 4456 1300 4511 ef.
1331 4454 1611 4527 imprimis
1648 4452 2035 4526 inscriptiones
2072 4454 2536 4517 Stratonicenses,
2570 4450 2731 4518 2720,

152 4551 308 4616 2724,
356 4549 819 4623 Aphrodisienses
869 4547 1026 4613 2775,
1063 4548 1220 4615 2782,
1255 4549 1416 4615 2786,
1477 4550 1675 4654 Nysae‘a
1727 4564 1783 4601 n.
1821 4547 1979 4612 2944,
2018 4549 2169 4601 Teioe
2205 4566 2259 4603 ιι.
2294 4545 2436 4600 3098
2472 4546 2529 4599 et
2568 4543 2731 4610 8112,

159 4645 357 4715 quibus
395 4640 743 4710 conjunctim
779 4640 1146 4695 nominantur
1195 4638 1225 4697 ὅ
1274 4636 1441 4713 δῆμοσ
1493 4647 1582 4694 καὶ
1618 4632 1654 4709 ἦ
1685 4635 1853 4709 βουλὴ
1890 4648 2043 4697 nair
2014 4636 2049 4710 ἧ
2076 4642 2357 4714 γερουσίας
2428 4638 2485 4691 in
2523 4636 2731 4707 pleris-

160 4754 264 4807 que
299 4736 492 4808 sgitur
531 4737 601 4789 dc
635 4732 947 4807 gymnasiis
985 4739 1086 4788 uut
1121 4734 1190 4787 de
1229 4723 1386 4789 cultu
1422 4733 1518 4788 dei
1551 4732 1812 4799 alicujus.
2340 4751 2344 4757 ·
