3225 5400
1774 272 1874 389 :34

2791 398 2827 419 l

528 520 728 601 fugam
773 520 1066 601 ceperunt
1110 514 1320 597 (Paua.
1368 515 1518 591 vn,
1563 518 1672 588 lo,
1718 518 1798 589 13
1875 516 2033 579 Iler.
2080 516 2195 589 vl,
2241 517 2375 599 14),
2419 514 2626 579 Lesbii
2662 524 2873 579 eorum
2918 539 3137 579 exem-

435 660 448 668 ‘
528 638 701 720 plum
747 637 943 699 secuti
991 645 1174 708 sunt3
1221 635 1483 717 denique
1529 635 1717 695 ceteri
1766 634 2043 716 plerique
2090 634 2253 695 idem
2297 636 2597 696 fecerunt.

793 770 879 832 At
919 792 1041 831 non
1091 766 1269 832 Chii!
1341 770 1446 851 qui
1489 790 1625 830 cum
1666 770 1874 853 paucis
1913 770 2094 831 sociis
2139 769 2338 830 relicti
2380 776 2445 830 et
2486 768 2811 831 fortissime
2846 788 3065 850 pugna
3096 798 3123 825 ι·

524 897 622 951 tes
641 930 662 963 ,
737 888 1240 971 splendidissimis
1277 887 1645 947 facinoribus
1694 888 1910 960 editis,
1996 888 2305 970 captisque
2351 887 2615 947 hostium
2663 886 2918 949 navibus
2968 908 3057 947 m}
3092 897 3101 916 ·

525 1009 647 1080 tis,
730 1028 868 1067 suas
928 1006 1218 1090 plurimas
1277 1006 1522 1065 tandem
1583 1006 1951 1078 amiserunt3
2043 1026 2179 1066 cum
2236 1005 2487 1087 reliquis
2550 1006 2804 1066 navibus
2872 1005 3053 1065 domn
3091 1030 3116 1048 τ·

526 1125 860 1207 fugiebant.
997 1125 1270 1201 Quarum
1324 1124 1631 1184 nonnullae
1652 1166 1674 1197 ‚
1772 1145 1955 1206 quum
2034 1144 2149 1205 per
2225 1122 2419 1183 latera
2490 1118 2796 1183 manantes
2872 1144 3045 1183 cursu

527 1250 737 1303 tenere
780 1262 904 1303 non
942 1248 1228 1325 possent,¹
1266 1241 1345 1301 ad
1386 1241 1671 1323 Mycalen
1714 1242 1983 1324 appulsae
2026 1241 2257 1302 relictae
2304 1248 2486 1315 sunt3
2546 1242 2664 1322 ipsi
2702 1262 2885 1323 quum
2930 1242 3045 1321 pei
3080 1264 3089 1269 ·

527 1362 637 1423 stri
684 1361 900 1421 itinere
947 1380 1063 1441 per
1117 1381 1327 1441 agrum
1373 1360 1711 1441 Ephesium
1771 1366 1950 1420 nocte
2000 1358 2244 1419 domum
2283 1360 2645 1433 tenderent,
2714 1360 2791 1419 ab
2831 1358 3111 1440 Ephesis

523 1500 639 1561 pro
693 1478 998 1539 latronum
1062 1482 1240 1537 manu
1305 1455 1538 1551 hahiti,
1611 1478 1718 1559 qui
1775 1477 2060 1537 mulieres
2138 1477 2335 1559 (erant
2399 1478 2558 1538 enim
2602 1476 3109 1559 Thesmophorffl

521 1616 740 1679 rapere
782 1594 1039 1667 vellent,
1087 1594 1373 1655 trucidati
1415 1602 1556 1657 sunt
1602 1596 1787 1677 (Her.
1833 1594 1965 1667 Vl,
2020 1596 2102 1657 15
2146 1594 2339 1677 seq.).

791 1728 1012 1812 Neque
1070 1750 1218 1790 vero
1281 1728 1411 1791 haec
1477 1727 1609 1789 sola
1677 1728 1881 1788 clades
1942 1725 2128 1788 Chios
2193 1705 2484 1811 perdidit.
2615 1728 2907 1789 Histiaeus
2960 1750 3107 1789 entem.

481 1834 805 1909 ‘Milesius
824 1890 849 1919 ,
899 1846 1004 1929 qui
1049 1846 1209 1907 circa
1253 1846 1732 1928 Hellespontum
1773 1853 1837 1905 et
1878 1846 2232 1927 Byzantium
2278 1848 2516 1908 navium
2560 1847 2916 1908 Jonicarum
2962 1868 3035 1928 px·
3056 1868 3103 1907 ε-

527 1965 703 2025 dator
765 1964 1166 2038 versabatur,
1268 1964 1471 2040 audita
1531 1965 1739 2027 Mileti
1806 1965 2250 2045 expugnatione
2271 2008 2294 2039 ,
2368 1963 2621 2026 navibus
2684 1963 2809 2024 illis
2877 1964 3101 2026 Lesbiis

529 2080 754 2142 Chium
791 2081 1116 2162 navigavit.
1205 2083 1501 2144 Praesidio
1551 2082 1884 2156 Chiorum,
1936 2083 2102 2164 quod
2150 2104 2288 2143 eum
2330 2084 2649 2143 admittere
2704 2082 2953 2143 nolebat
2969 2114 3005 2155 ,-
3034 2050 3101 2141 ad

531 2198 728 2260 Coela
783 2200 1103 2259 maximam
1159 2206 1392 2280 partem
1435 2200 1739 2261 trucidato
1758 2244 1778 2273 ,
1850 2207 2089 2261 ceteros
2133 2200 2323 2262 Chios
2362 2222 2397 2261 e
2431 2200 2670 2283 proelio
2714 2200 2913 2261 navali
2952 2200 3101 2261 male

529 2316 775 2376 affectos
798 2360 820 2389 ‚
889 2316 1068 2377 facile
1113 2316 1338 2378 devicit
1381 2318 1572 2404 (Her.
1618 2318 1747 2389 vl,
1816 2319 1950 2399 26).
2089 2318 2307 2400 Neque
2370 2338 2517 2379 vero
2577 2318 2664 2378 ita
2718 2314 2911 2380 multo
2958 2324 3095 2395 post

526 2432 891 2514 flagitiorum
936 2455 1183 2496 suorum
1225 2456 1454 2516 poenas
1495 2436 1686 2498 dedit.
1771 2434 1877 2497 Ab
1922 2436 2214 2519 Han-pago
2263 2436 2422 2497 enim
2457 2442 2670 2517 captus
2691 2478 2715 2509 ,
2762 2435 2831 2496 in
2872 2452 3089 2495 crucem

523 2558 692 2612 actus
735 2558 832 2636 est
877 2551 1063 2632 (Her.
1104 2551 1222 2627 vl,
1266 2554 1392 2627 29,
1440 2554 1632 2637 seq.).

789 2682 1026 2746 Auctor
1068 2692 1162 2746 est
1207 2686 1566 2748 Herodotus
1618 2685 1774 2769 (VI,
1832 2686 1939 2768 27)
1961 2730 1981 2759 ‚
2032 2684 2137 2769 qui
2178 2666 2390 2768 mafina
2430 2687 2587 2747 mala
2626 2684 2851 2765 magnis
2894 2684 3101 2742 osten-⁶

523 2805 600 2863 tis
647 2803 935 2885 portendi
984 2812 1219 2878 censet,
1267 2805 1500 2866 duabus
1556 2803 1994 2865 calamitatibus
2033 2803 2171 2865 illas
2221 2805 2424 2866 clades
2462 2802 2827 2865 denuntiatus
2869 2799 3061 2860 fuisse
3082 2825 3099 2862 -·.

516 2921 778 3004 primum
821 2914 980 2982 enim
1022 2945 1206 3004 quum
1251 2923 1472 2984 chorus
1520 2931 1762 2984 centum
1810 2921 2285 2983 adolescentium
2329 2922 2607 3003 Delphos
2654 2919 2871 2980 missus
2917 2923 3101 2998 essct,

520 3038 740 3098 ceteris
783 3034 1131 3118 pestilentia
1167 3034 1434 3115 abreptis
1479 3034 1633 3094 duos
1671 3035 1839 3098 solos
1880 3039 2113 3100 redisse
2130 3061 2161 3113 3!
2228 3039 2448 3099 deinde
2499 3039 2675 3100 brevi
2716 3043 2859 3098 ante
2900 3035 3097 3096 infelix

515 3154 673 3216 illud
730 3151 1032 3243 proelium
1094 3151 1304 3212 navale
1325 3195 1347 3224 ‚
1442 3151 1649 3233 pueris
1714 3161 1955 3217 centum
2032 3163 2096 3218 et
2172 3156 2387 3239 viginti
2442 3157 2678 3216 litteras
2738 3153 3099 3216 discentibus

514 3280 744 3333 tectum
788 3269 1071 3330 incidisse
1093 3311 1114 3342 ,
1161 3275 1230 3330 ut
1271 3274 1500 3350 praeter
1543 3293 1730 3332 unum
1772 3293 1979 3334 omnes
2018 3273 2551 3357 opprimerentur(

785 3404 1163 3485 Consumpta
1202 3403 1399 3464 hieme
1420 3447 1443 3477 ,
1517 3426 1637 3487 qua
1697 3405 1774 3465 ad
1820 3407 2103 3468 Miletum
2142 3407 2442 3470 hiemabat
2490 3407 2699 3468 classis
2750 3407 3093 3468 Persarum.

521 3521 803 3604 sequenti
859 3541 1015 3582 anno
1059 3520 1234 3580 facile
1279 3528 1655 3602 occupantur
1702 3519 1930 3596 Chius,
1993 3525 2270 3600 Lesbus,
2339 3525 2665 3600 Tenedus3
2725 3525 2845 3607 ipsi
2891 3525 3049 3584 inco}
3084 3543 3095 3556 ·

521 3638 812 3720 singulari
875 3637 1058 3698 modo
1123 3637 1294 3699 velut
1349 3637 1631 3718 indagine
1690 3639 1879 3700 clausi
1944 3639 2297 3723 capiuntur.
2373 3643 2607 3726 (Genus
2654 3642 2948 3724 capiendi
2989 3641 3099 3700 tatt-

515 3737 903 3817 describitur.
983 3755 1192 3817 Persae
1231 3755 1306 3816 ab
1344 3755 1534 3816 altera
1578 3763 1749 3838 parte
1794 3757 2007 3818 insulae
2050 3759 2128 3819 ad
2159 3760 2409 3822 alteram
2453 3760 2789 3842 conjunctis
2824 3759 3095 3820 manibus

513 3881 906 3956 peragrantes
928 3915 951 3946 ,
1023 3873 1298 3934 homines
1343 3873 1516 3956 quasi
1560 3875 1721 3934 feras
1766 3880 1953 3958 agunt
1998 3879 2411 3961 capiuntque).
2504 3878 2721 3961 Neque
2768 3878 3097 3940 Persarum

515 3990 702 4052 duces
745 3991 1040 4050 minarum
1087 3989 1264 4050 obliti
1300 3997 1452 4050 eunt
1470 4034 1512 4079 ,·
1563 4013 1714 4073 quas
1757 3992 2021 4054 «Ionibus
2083 3996 2523 4058 intentaverant
2541 4018 2563 4069 3
2638 3995 2909 4057 exsectis
2949 3995 3096 4055 enim

515 4107 964 4168 formosissimis
1029 4108 1275 4188 pueris,
1343 4114 1406 4167 et
1470 4109 1695 4204 puellis
1743 4108 2165 4190 pulcherrimis·
2232 4114 2311 4173 ad
2372 4134 2582 4194 regem
2642 4114 2929 4174 abductis
2953 4157 2975 4187 ,
3042 4123 3088 4168 ci

491 4223 774 4283 ‘incensis
842 4245 980 4283 cum
1040 4223 1283 4308 templis
1362 4227 1615 4288 urbibus
1636 4269 1661 4302 ,
1755 4227 1972 4290 insulae
2030 4228 2153 4288 illae
2210 4227 2393 4312 plane
2456 4229 2849 4293 devastantur
2920 4230 3089 4314 (Her.
3169 4261 3170 4268 ἶ

513 4340 630 4412 vl,
679 4341 762 4402 31
807 4339 996 4422 seq.).

779 4505 821 4589 ἓ
864 4507 968 4568 13.
1058 4505 1176 4567 His
1234 4507 1418 4570 rebus
1473 4511 1558 4572 ita
1618 4510 1803 4593 gestis
1820 4551 1843 4584 ,
1927 4485 2343 4592 Artaphernes
2414 4512 2737 4594 praefectus
2808 4509 3092 4574 Sardium

513 4643 614 4682 res
657 4623 888 4684 «Ionum
949 4599 1230 4688 ordinare
1263 4618 1617 4709 'aggressus
1666 4636 1800 4701 est,
1871 4634 1935 4688 et
1980 4626 2197 4709 legatis
2240 4595 2470 4690 Jonum
2530 4629 2859 4692 convenire
2905 4626 3088 4712 jussis

492 4759 612 4800 -res
680 4749 742 4802 et
808 4741 950 4804 lites
1015 4763 1226 4806 eorum
1287 4745 1656 4829 composuit.
1774 4741 2084 4828 Regiones
2146 4755 2423 4808 accurate
2488 4745 2796 4810 dimensus
2862 4747 3085 4809 tributa
