3225 5400
1501 264 1600 344 ,59

254 467 440 529 unius
478 464 900 555 gubernatoris
943 462 1080 528 Chii
1100 508 1123 538 ,
1183 464 1291 549 qui
1333 465 1496 526 inter
1533 464 1999 546 trepidationem
2040 483 2253 528 navem
2292 485 2463 526 suam
2503 463 2685 546 regiae
2729 464 2838 526 im·-

121 583 134 590 ”
253 591 537 668 pegerat‚
585 584 809 644 factum
847 589 942 644 est
960 623 983 656 ,
1031 589 1101 642 ut
1143 603 1353 644 omnes
1397 582 1534 646 Chii
1575 583 1645 650 in
1685 582 1890 642 odium
1933 583 2095 663 regis
2136 582 2513 644 incurrerent
2549 582 2835 665 (Appian-

239 703 476 768 .Mithr.
519 722 576 762 c.
628 701 739 772 25,
798 699 1148 781 Schweigh.
1171 786 1176 790 .
1199 720 1263 781 p.
1312 699 1510 782 67⁰⁷).
1599 700 1968 763 Gravissima
2022 708 2224 760 tamen
2282 700 2446 762 illius
2496 701 2620 762 odii
2660 721 2842 762 causa

256 821 446 883 fuisse
489 819 772 890 videtur,
845 817 1010 899 quod
1069 819 1456 882 Mithridates
1519 792 1643 880 non
1699 820 1827 880 sine
1886 839 2065 880 causa
2102 817 2583 900 suspicabatur,
2652 819 2841 880 Chios

261 939 678 1001 Romanorum
717 935 1024 997 studiosos
1062 946 1238 1011 ‘esse3
1285 939 1506 1029 etenim
1541 937 1717 998 multi
1760 938 1836 998 ad
1875 936 2107 998 Sullam
2136 937 2550 1018 confugerant.
2624 937 2865 1019 ltaque·

241 1054 650 1125 ‚Mithridates
697 1055 955 1136 primum
999 1054 1246 1116 illorum
1292 1056 1462 1116 hona·
1499 1056 1870 1138 publicavit3
1950 1028 2169 1116 deinde
2211 1054 2399 1129 misit,
2448 1055 2553 1138 qui
2591 1055 2656 1115 iu
2700 1073 2843 1136 pos-

259 1173 565 1233 sessiones
591 1215 612 1245 ,
683 1194 831 1254 quas
877 1173 1137 1234 Romani
1185 1175 1250 1234 in
1298 1173 1452 1235 Chio
1491 1173 1826 1248 haherent,
1894 1173 2294 1255 inquirerent.
2410 1173 2689 1254 Denique
2756 1171 2839 1254 (a.

259 1277 602 1352 LXXXVI
644 1311 702 1350 a.
745 1290 898 1351 Chr.
949 1292 1044 1374 n.)
1111 1292 1445 1365 zenobius,
1507 1298 1735 1373 praetor
1779 1291 2148 1354 Mithridatis
2183 1291 2625 1382 exercitumain
2670 1288 2843 1350 Grae-

261 1410 417 1470 ciam
461 1407 684 1469 ducere
725 1429 794 1469 se
837 1409 1124 1470 simulans
1144 1452 1167 1483 ,
1237 1431 1420 1491 quum
1466 1411 1703 1472 moenia
1748 1410 2038 1472 Chiorum
2086 1416 2149 1469 et
2210 1409 2279 1471 si.
2320 1431 2437 1491 qua
2496 1414 2667 1468 erant
2726 1406 2845 1468 alia

222 1539 224 1542 ’
265 1525 406 1588 loca
455 1526 682 1589 munita
704 1569 726 1598 ,
778 1533 958 1586 nocte
1016 1534 1406 1608 occupasset,
1472 1529 1757 1609 praesidio
1800 1528 1877 1588 ad
1920 1535 2128 1608 portas
2176 1527 2417 1609 posito,
2483 1526 2715 1598 edixit,
2774 1530 2847 1586 ut
2878 1547 2893 1562 ¹

261 1645 571 1728 peregrini
629 1643 873 1726 quidem
923 1643 1051 1716 sine
1120 1667 1264 1706 cura
1325 1653 1529 1706 essent
1548 1683 1570 1718 ⁵
1639 1645 1779 1706 Chii
1821 1651 2021 1704 autem
2081 1645 2147 1704 in
2188 1645 2510 1707 concilium
2560 1641 2845 1704 conveni-

247 1770 440 1837 ,τεαῖς
512 1783 578 1824 se
634 1760 760 1848 illis
799 1761 1029 1845 aliquid
1073 1763 1314 1824 nomine
1360 1765 1520 1844 regis
1567 1764 1893 1824 dicturum.
2011 1762 2137 1839 Qui
2180 1752 2501 1846 postquam
2547 1780 2847 1823 convene·
2946 1765 2955 1772 ’

263 1888 446 1952 runt,
499 1902 664 1940 arma
705 1879 946 1939 tradere
981 1887 1056 1939 ct
1097 1880 1326 1941 liberos
1369 1881 1744 1962 optimatium
1794 1881 2073 1941 obsidum
2114 1878 2254 1941 loco
2298 1880 2442 1940 dare
2477 1878 2636 1961 jussi
2676 1885 2843 1939 sunt.

264 1998 644 2064 Necessitate
693 1997 889 2060 eoacti
946 2005 1302 2078 paruerunt.
1418 1997 1714 2080 Erythras
1774 1997 1902 2059 haee
1943 1999 2245 2059 zenobius
2302 1999 2467 2085 misit
2530 1996 2845 2079 (Appiani.

267 2117 316 2179 l.
347 2117 399 2180 l.
434 2137 492 2180 c.
517 2115 651 2197 46).
721 2113 891 2205 -Jam
939 2135 1086 2176 vero
1133 2137 1256 2176 non
1302 2115 1386 2176 ita
1425 2115 1619 2175 multo
1662 2123 1802 2196 post
1842 2115 2060 2177 litterae
2095 2117 2285 2197 ipsius
2332 2117 2493 2197 regis
2532 2115 2610 2176 ad
2658 2113 2847 2175 Chios

265 2235 680 2318 perferuntur.
771 2233 1042 2310 Questus
1089 2241 1183 2292 est
1224 2254 1362 2306 rex,
1413 2233 1603 2294 Chios
1644 2233 1841 2294 adhuc
1884 2233 2187 2294 studiosos
2231 2255 2363 2294 esse
2407 2233 2847 2305 Romanorum,

253 2361 336 2414 «et
379 2351 604 2412 multos
647 2369 859 2410 eorum
898 2350 1062 2432 apud
1103 2351 1413 2412 Romanos
1454 2353 1726 2424 versari3
1797 2358 1859 2411 et
1897 2371 1974 2410 ex
1997 2335 2177 2432 ¹agris
2198 2393 2219 2424 ,
2279 2372 2433 2433 quos
2460 2351 2741 2416 ⁴Romani
2782 2348 2849 2411 in

269 2468 427 2530 Chio
479 2466 888 2548 possiderent,
936 2469 1168 2528 fructus
1212 2489 1428 2551 capere
1460 2468 1674 2541 Chios,
1719 2489 1832 2528 nec
1874 2469 1991 2529 sibi
2031 2468 2173 2529 inde
2224 2468 2545 2551 quicquam
2588 2468 2841 2541 afferre;
2947 2499 2952 2512 ·

255 2606 469 2668 neque
519 2583 744 2645 oblitus
787 2591 882 2644 est
925 2584 1158 2665 injuriae
1174 2627 1197 2660 ,
1262 2586 1663 2667 imprudentia
1710 2586 2131 2668 gubernatoris
2173 2585 2237 2646 in
2276 2585 2515 2667 proelio
2557 2584 2636 2645 ad
2676 2585 2849 2668 Rhoe
2920 2613 2925 2617 ·

272 2704 416 2765 dum
458 2703 777 2764 commisso
819 2703 936 2763 sibi
975 2703 1183 2766 illatae.
1291 2705 1407 2765 Illa
1459 2706 1657 2766 omnia
1699 2725 1805 2766 eos
1852 2704 2099 2785 publico
2149 2704 2402 2766 consilio
2452 2704 2667 2765 secisse
2688 2747 2710 2778 ,
2778 2710 2851 2765 ut

253 2841 458 2905 -regno
507 2828 572 2882 et
613 2819 858 2901 corpori
897 2841 1007 2881 suo
1042 2821 1510 2895 insidiarentur3
1577 2843 1711 2905 quae
1754 2823 1833 2883 oh
1878 2822 2165 2897 crimina,
2226 2824 2341 2883 etsi
2386 2823 2559 2883 amici
2598 2822 2693 2883 sui
2726 2841 2849 2912 ,eos

257 2940 482 3003 mortis
535 2938 836 3021 supplicio
892 2938 1240 3003 afficiendos
1302 2940 1717 3013 censuissent,
1792 2936 1859 3001 se
1906 2933 2153 3000 duobus
2196 2940 2439 3001 milibus
2486 2941 2851 3005 talentorum

273 3079 380 3121 eos
425 3056 705 3118 multare.
828 3054 948 3117 His
995 3056 1213 3117 litteris
1256 3058 1522 3118 recitatis
1541 3104 1566 3134 ‚
1617 3081 1802 3141 quum
1847 3058 2083 3139 legatos
2128 3058 2205 3118 ad
2252 3058 2669 3121 Mithridatem
2714 3060 2852 3119 mit·-

223 3211 228 3215 ·
273 3184 405 3239 tere
445 3174 680 3238 vellent
725 3171 900 3246 Chii,
950 3174 1253 3235 zenobius
1299 3176 1635 3256 prohibuit.
1732 3176 1873 3236 Chii
1917 3176 2095 3236 armis
2138 3176 2432 3256 spoliati„
2454 3197 2641 3256 quum
2685 3177 2852 3257 prin-

255 3294 493 3377 -eipum-
517 3291 702 3353 liberi
746 3290 990 3354 obsides
1028 3291 1152 3351 dati
1189 3300 1416 3365 essent,
1476 3298 1642 3353 tanta
1686 3294 2109 3354 circumstante
2155 3293 2551 3353 harbarorum
2584 3300 2849 3380 caterva,

275 3412 398 3475 duo
456 3392 621 3472 milia
677 3407 1043 3470 talentorum
1083 3410 1376 3491 imperata
1418 3411 1783 3471 ornamentis
1828 3409 2191 3491 templorum
2232 3410 2563 3491 adsumptis
2610 3433 2681 3471 ac
2720 3434 2853 3473 mu-

268 3530 520 3595 lierum,
556 3528 859 3589 conficere
908 3527 1102 3588 coacti
1165 3534 1328 3588 sunt.
1453 3527 1536 3589 Et
1596 3529 1716 3589 hoc
1777 3528 2020 3610 quidem
2062 3550 2276 3609 parum
2322 3528 2458 3589 fuit.
2580 3528 2853 3591 Ponderi

275 3647 504 3732 aliquid
551 3647 765 3707 deesse
810 3646 1152 3744 criminatus
1195 3646 1500 3707 zenobius
1543 3646 1608 3707 in
1646 3645 1946 3708 theatrum
1994 3646 2181 3709 Chios
2225 3648 2601 3708 convocavit.
2682 3649 2853 3711 1³1·ae-

267 3766 431 3830 sidio
474 3764 732 3827 militum
781 3763 1004 3823 strictis
1051 3763 1268 3845 gladiis
1325 3764 1626 3824 theatrum
1674 3771 1737 3823 et
1790 3764 1917 3825 vias
1938 3806 1961 3837 ,
2040 3784 2173 3846 quae
2218 3762 2297 3823 ad
2340 3784 2503 3826 mare
2548 3765 2850 3839 ferebant,

277 3883 596 3947 obsidente
641 3880 832 3945 Chios
884 3879 1184 3963 plurimos
1233 3887 1296 3940 et
1327 3882 1516 3953 ‘viros
1561 3888 1625 3940 et
1670 3880 1957 3942 mulieres
2014 3888 2077 3940 et
2121 3900 2364 3961 pueros!
2404 3880 2564 3943 inter
2605 3882 2853 3966 injurias

279 4000 360 4063 ad
404 4022 566 4063 mare
609 4000 905 4061 abductos
952 3999 1015 4059 in
1059 4018 1242 4060 naves
1284 3998 1571 4079 imposuit
1617 4005 1681 4059 et
1724 3998 1800 4060 ad
1844 3999 2108 4059 Pontum
2149 3998 2453 4059 Euxinum
2498 4000 2659 4062 misit
2702 4001 2854 4083 (Ap-

280 4118 456 4199 pian.
493 4118 542 4177 l.
583 4117 630 4177 l.
685 4139 742 4179 c.
787 4118 920 4199 47).
949 4116 1066 4199 1³⁹)
1161 4116 1399 4177 Harum
1439 4124 1639 4177 tamen
1680 4116 1920 4177 navium
1960 4122 2220 4197 partem,
2262 4091 2447 4197 quum
2490 4116 2856 4183 Heracleam

279 4233 852 4333 praeterveheretur,
903 4233 1317 4307 Heracleotae,
1362 4233 1581 4317 quihus
1626 4256 1763 4297 cum
1792 4233 1974 4295 Chiis
2016 4233 2273 4295 amicitia
2316 4239 2471 4306 erat,
2516 4233 2857 4317 intercepe-

279 4356 424 4414 runt
458 4357 521 4410 et
560 4350 760 4411 Chios.
791 4352 1173 4433 hospitaliter
1215 4360 1504 4434 exceptos
1547 4372 1752 4412 secum
1786 4350 2205 4412 liberalissime
2247 4351 2613 4425 habuerunt,
2660 4351 2856 4414 donec

422 4524 523 4592 ²³⁹)
597 4523 748 4593 Quin
781 4522 952 4577 etiam
987 4526 1158 4579 Chios
1193 4527 1446 4595 ipsorum
1481 4523 1693 4591 servis,
1751 4531 1813 4579 ut
1846 4524 1905 4578 in
1941 4524 2155 4578 terram
2198 4489 2854 4597 colchorum-duceren-

279 4622 418 4681 tur,
461 4614 706 4669 traditos
757 4632 913 4681 esse,
970 4618 1269 4672 Atheniens
1306 4620 1444 4688 (VI,
1499 4638 1555 4690 p.
1591 4616 1698 4672 267
1732 4614 1897 4687 inst),
1957 4616 2257 4672 Nicolaum
2308 4612 2741 4688 peripateticum
2799 4620 2858 4670 et

279 4707 645 4765 Posidonium
683 4707 926 4763 stoicum
969 4710 1230 4764 auctores
1265 4712 1524 4775 laudans,
1561 4718 1773 4766 narrat.
2820 4703 2825 4705 ⁷
