3225 5400
1440 286 1534 358 21

173 493 418 578 quiquo
435 535 459 584 ‚³
537 496 768 576 quanto
835 487 1080 570 longius
1135 485 1218 548 -ab
1281 484 1376 566 his
1432 485 1624 547 rebus
1662 486 1926 558 absunt,
2016 492 2187 550 tanto
2248 479 2387 568 plus
2450 484 2569 548 sihi
2626 484 2785 548 ’scire

171 608 521 672 videntur..
633 610 638 615 '

453 758 721 822 Difficile
769 775 914 818 sane
967 761 1062 815 est
1108 755 1430 838 quiequam
1474 754 1550 815 de
1596 754 1782 815 rebus
1831 761 1954 814 tam
2010 753 2273 836 antiquis
2328 761 2432 815 aut
2479 747 2779 816 affirmare

167 885 287 940 aut
334 898 556 960 negare
579 920 602 950 ,
668 875 744 936 de
793 873 1011 958 quibus
1053 893 1168 954 per
1211 872 1391 954 plura
1435 873 1657 933 saeeula
1699 871 1853 933 nihil
1910 872 2039 933 fere
2097 871 2387 931 traditum
2432 871 2547 943 sit,
2612 873 2775 934 unde

169 994 417 1078 aliquid
473 992 823 1074 conjectura
879 989 1119 1072 assequi
1166 1010 1504 1071 possemus.
1621 989 1727 1051 Ad
1770 1011 1963 1050 meam
2005 1010 2135 1050 rem
2184 989 2328 1048 satis
2395 994 2491 1049 est
2536 995 2777 1068 tenere,

166 1109 377 1172 Iones
423 1112 738 1172 maximam
802 1098 1036 1190 partem
1094 1107 1274 1188 hujus
1330 1107 1701 1188 migrationis
1742 1107 2009 1168 effecisse
2089 1107 2195 1188 (cf.
2243 1105 2535 1187 imprimis
2579 1106 2769 1166 Paus-

167 1227 330 1314 ΥΠ,
349 1230 420 1302 2,
451 1229 538 1310 1).
631 1229 928 1306 Quaenam
965 1224 1432 1306 Atheniensium
1468 1233 1673 1306 partes
1716 1226 1776 1284 in
1822 1225 1937 1284 hac
1983 1244 2051 1284 re
2097 1222 2346 1296 fuerint,
2396 1243 2521 1282 non
2565 1229 2774 1304 aperta

166 1345 538 1426 significatio
603 1322 730 1405 est.
867 1343 1024 1404 Nam
1083 1351 1150 1403 ut
1214 1342 1387 1405 initio
1453 1341 1919 1403 Atheniensium
1991 1341 2174 1401 ductu
2238 1348 2300 1400 et
2358 1339 2641 1421 auspiciis
2697 1359 2773 1400 eo

159 1462 564 1544 pervenerint
629 1461 824 1522 Jones
897 1467 960 1520 et
1020 1460 1124 1542 qui
1191 1483 1308 1520 una
1375 1460 1541 1520 illius
1612 1458 2120 1540 commigrationis
2187 1457 2515 1538 participes
2586 1457 2771 1517 fuisse

161 1577 480 1649 dicuntur,
535 1578 610 1638 iis
671 1585 838 1639 certe
897 1578 1272 1660 temporibus
1295 1621 1316 1651 ,
1370 1599 1629 1660 quorum
1673 1598 1773 1637 res
1829 1576 2096 1637 historiae
2155 1575 2274 1634 fide
2319 1573 2553 1635 traditae
2600 1581 2767 1646 sunt,

149 1715 289 1784 non
349 1701 493 1756 sunt
534 1696 728 1756 Jones
785 1693 955 1756 Asiae
1003 1697 1232 1778 magis,
1303 1717 1482 1778 quam
1526 1695 1714 1755 ceteri
1761 1689 1955 1754 Jones
2000 1691 2466 1753 Atheniensium
2510 1691 2760 1763 coloni3

167 1812 342 1896 quod
386 1813 718 1874 tenendum
759 1821 938 1896 puto-
1038 1813 1477 1896 (Thucydides¹
1507 1813 1750 1895 quidem
1796 1811 1877 1892 (1,
1919 1812 2028 1892 95)
2076 1810 2287 1883 tradit,
2349 1831 2534 1892 quum
2577 1808 2766 1869 ceteri

167 1930 378 1992 Graeei
433 1938 495 1991 et
547 1931 610 1991 in
649 1931 859 2012 primis
906 1931 1103 1992 Jones
1158 1931 1476 2012 imperium
1514 1929 1873 1991 maritimum
1918 1926 2397 1991 Atheniensibus
2441 1925 2764 1986 demanda·-

167 2054 354 2121 rent,
402 2047 544 2108 illos
590 2055 844 2132 propter
888 2048 1348 2132 cognationem,
1396 2069 1518 2108 non
1566 2046 1733 2130 quod
1775 2045 1978 2107 coloni
2021 2053 2227 2107 essent
2270 2041 2761 2115 Atheniensium,

163 2163 233 2227 id
275 2163 548 2247 secisse.)

437 2315 653 2398 Neque
701 2336 848 2378 vero
901 2317 1116 2401 credo,
1160 2324 1326 2378 reete
1372 2318 1554 2378 statui
1598 2338 1806 2400 posse,
1850 2318 2045 2378 Jones
2091 2321 2413 2398 postquam
2454 2312 2518 2371 in
2550 2308 2756 2372 Asiam

167 2432 476 2506 venerint,
537 2434 738 2494 statim
781 2433 1130 2494 societatem
1175 2421 1436 2517 aliquam
1482 2436 1690 2500 inisse.
1812 2435 2138 2515 Repugnat
2184 2438 2247 2491 et
2293 2452 2495 2491 rerum
2542 2435 2755 2488 natura
2808 2497 2812 2502 .

173 2557 240 2611 et
285 2569 426 2633 quae
469 2551 800 2612 Pausanias
862 2551 1047 2633 (Vll,
1093 2554 1137 2614 2
1183 2553 1388 2634 seqq.)
1455 2552 1532 2612 {le
1575 2552 2003 2636 antiquissimis
2054 2551 2238 2611 rebus
2286 2549 2501 2638 harum
2544 2545 2751 2606 civita·

163 2675 295 2728 tum
322 2665 597 2729 tradidit.
667 2669 956 2747 Quamvis
989 2671 1236 2732 confusa
1276 2670 1356 2732 sit
1396 2671 1660 2731 narratio
1706 2670 1885 2731 Jouis
1924 2667 2063 2731 Chii
2106 2667 2320 2751 (Paus.
2358 2663 2508 2735 Vll,
2550 2661 2618 2733 4,
2648 2659 2746 2742 6),

165 2805 245 2845 ex
283 2805 356 2846 ea
395 2794 598 2847 tamen
637 2794 846 2869 patere
893 2788 1160 2860 videtur,
1230 2789 1456 2849 Jonem
1513 2788 1821 2860 statuisse,
1902 2786 2091 2847 Chios
2152 2785 2457 2866 aliquanto
2504 2781 2745 2840 demum

163 2902 451 2985 temporis
528 2904 726 2985 spatio
811 2912 955 2987 post
1039 2906 1381 2965 universam
1460 2907 1692 2967 Jonum
1771 2904 2269 2985 immigrationcm
2344 2897 2741 2981 praeterlapso

159 3020 397 3082 Jouieae
458 3021 896 3103 conjunctionis
962 3023 1288 3105 participes
1351 3025 1544 3084 factos
1610 3044 1770 3084 esse.
1893 3022 2047 3083 Nam
2081 3018 2246 3079 ‘mihi
2307 3016 2551 3099 quidem
2607 3013 2744 3087 reri

167 3138 530 3201 simillimum
577 3159 712 3200 esse
765 3140 1030 3213 videtur,
1095 3126 1256 3223 apud
1307 3141 1531 3201 Jonem
1577 3139 1891 3223 Amphicli
1939 3160 2015 3225 cn
2064 3137 2324 3198 llistiaea
2362 3133 2636 3194 Euboica
2681 3132 2745 3191 in

169 3255 388 3317 Chium
442 3256 704 3319 adventu
782 3258 1104 3339 significari
1159 3258 1442 3319 Jonieam
1501 3258 1642 3319 Chii
1694 3256 2175 3337 occupationem.
2284 3250 2539 3323 Histiaea
2584 3234 2743 3308 euim

173 3381 404 3435 mature
447 3374 521 3435 ah
564 3376 828 3436 Jonibus
877 3383 1169 3457 occupata
1215 3398 1347 3437 esse
1395 3376 1676 3448 videtur3
1744 3373 1963 3434 deiude
2008 3368 2392 3452 AmphicluS,
2426 3373 2509 3426 -ut
2551 3356 2740 3425 ceteri

164 3491 395 3564 Jones,
461 3512 536 3553 ex
592 3492 838 3554 oraculo
897 3493 1205 3577 Delphico
1251 3494 1567 3554 advenisse
1617 3492 1875 3563 dicitur3
1956 3509 2153 3570 neque
2215 3506 2361 3548 vero
2390 3484 2739 3566 ‘quicquam

163 3608 487 3691 prohibet,
544 3615 862 3692 quominus
907 3620 1280 3686 statuamus,
1339 3613 1597 3673 eundem
1639 3632 1773 3671 esse
1813 3610 1975 3669 huuc
2020 3592 2415 3686 Amphielum
2463 3609 2525 3661 et
2572 3622 2738 3671 eum,

157 3726 326 3808 eujus
391 3729 758 3789 mentionem
812 3731 991 3792 faeiat
1053 3732 1314 3811 Hippias
1371 3730 1724 3811 Erythraeus
1798 3727 2055 3807 (Athen.
2118 3722 2236 3793 vl,
2300 3740 2369 3799 p·
2409 3719 2565 3788 258,
2614 3716 2733 3795 F);

85 3848 88 3853 ’
156 3842 214 3906 is
253 3853 451 3909 autem
498 3843 750 3929 aequalis
797 3853 892 3906 est
935 3846 1161 3928 Cnopi,
1207 3846 1426 3907 danici
1470 3845 1891 3927 Erythrarum
1935 3840 2291 3904 conditoris.
2318 3835 2406 3914 89)

422 4015 656 4090 Quarta
716 4012 977 4096 denique
1037 4019 1212 4073 aetate
1274 4017 1418 4095 post
1466 4009 1856 4093 Amphiclum
1920 4008 2191 4077 Hector,
2253 4024 2363 4063 rex
2414 3999 2730 4068 Chiorum,

153 4112 416 4192 Caribus
470 4138 534 4191 et
590 4129 935 4194 Abantibus
986 4130 1257 4215 expulsis
1278 4174 1299 4204 ,
1363 4110 1641 4192 Panionii
1684 4127 1957 4189 sacrificii
1998 4124 2301 4208 particeps
2344 4120 2536 4181 faetus
2595 4136 2729 4184 esse

291 4455 368 4522 ι’9)
441 4454 640 4528 ΛΙὶίοιῖ
667 4456 876 4510 Strabo
916 4457 1138 4527 quidem
1170 4460 1338 4521 Xtv,
1389 4476 1438 4526 p.
1483 4456 1587 4511 633
1624 4458 1679 4522 (§
1714 4454 1753 4507 3
1790 4454 1994 4519 extr.)=
2050 4452 2189 4503 Χίον
2225 4424 2294 4501 δὲ·
2331 4446 2722 4515 Ἐγέρτιοε,

157 4542 443 4619 obpacata-ov
495 4544 823 4619 ἐπαγόμενος
869 4548 1097 4617 πλῆθος.
1190 4550 1300 4603 Sed
1354 4548 1411 4603 in
1455 4550 1669 4605 tatibus
1718 4542 2039 4599 nominihus
2088 4559 2197 4595 non
2238 4539 2563 4593 haerendum
2605 4552 2721 4595 esse

157 4643 306 4708 puto,
339 4652 458 4709 que
497 4638 800 4711 saepissime
837 4641 1048 4699 variari
1085 4644 1357 4698 videmus.
2417 4640 2423 4655 ⁸
2550 4628 2555 4631 Ι
