3225 5400
1598 237 1765 311 ‘56

427 443 610 512 hant,
681 460 890 502 rursus
931 437 1286 522 Apollonidi
1324 447 1388 500 et
1424 435 1831 518 Athenagorae
1854 481 1895 512 ,2
1956 455 2219 504 suarum*
2236 436 2499 521 partium
2545 436 2691 499 viris
2710 478 2732 510 ,
2794 435 3024 498 urbem

431 581 566 620 cum
608 557 846 618 modico
888 556 1169 638 proesidio
1216 556 1474 616 militum
1519 556 1727 617 tradit.

707 675 986 736 Praefecti
1024 672 1368 736 Alexandri
1433 673 1496 734 in
1557 673 1875 752 obsidione
1928 672 2092 734 urbis
2137 670 2610 756 perseverabant
2628 714 2650 744 ,
2720 645 2845 732 non
2891 677 3025 732 tam

431 793 556 854 suis
618 794 846 854 viribus
903 814 1082 875 quam
1137 792 1408 872 ipsorum
1471 791 1577 873 qui
1635 791 2067 852 obsidebantur
2129 789 2441 852 voluntate
2498 789 2663 850 freti.
2790 787 3014 871 Neque

437 931 544 972 eos
605 931 745 992 spes
804 910 1044 971 fefellit.
1164 909 1439 992 Namque
1499 910 1659 969 inter
1704 907 2139 989 Apollonidem
2192 914 2257 967 et
2318 907 2505 966 duces
2564 905 2821 966 militum
2882 912 3026 966 orta

407 1027 654 1088 'seditio
701 1011 1074 1108 irrumpendi
1115 1017 1179 1085 in
1221 1027 1436 1086 urbem
1481 1026 1857 1087 occasionem
1902 1026 2093 1086 dedit.
2189 1025 2513 1107 Quumque
2559 1031 2737 1106 porta
2777 1023 3027 1084 effracta

441 1145 826 1230 Macedones·
859 1146 1222 1217 intrassent,
1262 1143 1548 1225 oppidani
1589 1141 1976 1223 Amphotero
2028 1151 2090 1203 et
2124 1142 2487 1224 Hegelocho
2532 1163 2599 1202 se
2646 1148 2972 1223 aggregant
3000 1163 3041 1214 3,

439 1263 885 1344 Persarumque
921 1262 1202 1344 praesidio
1247 1282 1428 1334 caeso,
1469 1262 1895 1324 Pharnabazus
1944 1269 2007 1320 et
2040 1259 2445 1340 Apollonides
2496 1268 2559 1321 et
2599 1249 3025 1342 Athenagoras

439 1380 630 1442 vincti·
683 1379 1023 1440 traduntur.
1119 1377 1458 1442 Duodecim
1513 1378 1636 1440 illae
1693 1379 1969 1438 triremes
2028 1399 2161 1438 cum
2227 1399 2337 1462 suo
2394 1377 2620 1460 remige
2679 1386 2742 1437 et
2800 1375 3026 1450 milite,

441 1503 571 1580 tum
609 1497 852 1577 triginta
892 1495 1024 1557 aliae
1073 1497 1278 1555 inanes
1323 1504 1384 1556 et
1431 1497 1667 1578 piratici
1711 1495 1935 1568 lembi,
2012 1495 2502 1590 Graecorumquet
2552 1495 2667 1556 tria
2722 1495 2920 1568 milia,
2984 1517 3029 1556 a

444 1613 656 1674 Persis
705 1613 1028 1685 conducta,
1086 1619 1260 1694 capta
1305 1620 1468 1672 sunt.
1579 1613 1767 1674 Forte
1804 1610 2191 1672 Aristonicus
2239 1611 2781 1694 Methymnaeorum
2820 1619 3030 1694 tyran-

447 1709 560 1790 nus
618 1751 755 1820 cum
809 1731 1076 1812 piraticis
1138 1730 1389 1811 navigiis
1437 1731 1703 1812 quinque
1725 1774 1745 1803 ,
1808 1730 2052 1810 ignarus
2095 1749 2255 1811 „quae
2314 1737 2447 1793 acta
2510 1738 2751 1803 essent,
2828 1731 3027 1812 prima

447 1847 652 1930 vigilia
715 1847 794 1908 ad
847 1856 1059 1928 portus
1123 1823 1386 1908 claustra
1451 1849 1779 1920 successit3
1870 1868 2173 1929 quumque
2235 1846 2402 1907 falsis
2462 1849 2782 1910 custodum
2821 1849 3029 1912 verbis

446 1965 740 2047 deceptus
802 1966 865 2024 in
911 1973 1153 2046 portum
1196 1966 1420 2027 intrare
1466 1987 1590 2026 non
1630 1966 1990 2037 dubitasset,
2062 1963 2305 2044 objecto
2353 1988 2389 2027 a
2430 1950 2711 2049 rig-ilibus
2760 1965 3031 2030 claustro

447 2089 514 2142 et
557 2084 690 2164 ipse
737 2091 800 2143 et
856 2082 1043 2142 lembi
1093 2083 1332 2165 piratici
1390 2084 1729 2168 capiuntur.
1841 2081 2047 2146 vineti
2107 2102 2313 2146 omnes
2374 2081 2751 2166 Amphotero
2816 2085 3030 2166 Hege-

447 2199 754 2282 lochoque
784 2193 1148 2263 'traduntur'
1197 2201 1400 2282 (Cart.
1463 2201 1590 2274 IV,
1648 2201 1714 2272 5,
1784 2202 1867 2261 14
1927 2221 2102 2283 seqq.
2214 2197 2462 2260 Arrian.
2518 2202 2654 2276 III,
2714 2205 2799 2276 2,
2860 2205 3027 2286 4-6).

451 2316 660 2380 Ceteri
703 2317 946 2400 quidem
990 2318 1254 2398 captivi,
1292 2317 1711 2390 AristonicuS,
1776 2316 2221 2402 Apollonides,
2267 2318 2607 2394 Phcsinus,
2674 2321 3023 2403 Megareus,

457 2432 562 2498 alii
581 2477 604 2508 ,
663 2433 742 2494 ad
777 2433 1232 2508 Alexandrum,
1309 2435 1413 2516 qui
1448 2443 1578 2496 tum
1623 2437 1687 2494 in
1737 2435 2107 2498 Alexandria
2147 2431 2465 2497 ‘condenda
2506 2447 2835 2520 occupatus
2874 2449 3030 2517 erat,

455 2552 533 2614 ab
579 2551 943 2632 Hegelocho
1007 2553 1255 2614 abducti
1313 2560 1494 2628 sunt,
1574 2553 2002 2616 Pharnabazus
2062 2559 2263 2618 autem
2307 2554 2589 2616 custodes
2633 2556 2847 2619 fallens
2895 2559 3033 2624 Con

461 2641 620 2733 clam
682 2669 909 2749 effugit.
1017 2667 1456 2751 Apollonidem
1523 2677 1881 2753 ceterosque
1950 2670 2139 2733 Chios
2204 2692 2341 2732 cum
2402 2671 2676 2754 diligenti
2746 2679 3025 2759 praesidio

457 2785 904 2869 Elephantinen
947 2788 1110 2880 misit
1155 2788 1510 2854 Alexander
1553 2788 1819 2871 (Arrian.
1872 2789 1990 2859 ΙΙΙ,
2021 2791 2091 2863 2,
2135 2786 2174 2871 ἓ
2218 2791 2286 2863 4,
2328 2793 2396 2864 6,
2440 2794 2484 2853 8
2526 2793 2687 2875 seq).

724 2903 1084 2966 Praesidium
1127 2905 1586 2968 Macedonicum
1631 2906 1979 2987 impositum
2030 2902 2258 2982 ‘acerbe
2310 2908 2374 2967 in
2424 2908 2621 2970 Chiosn
2658 2912 3031 2977 consuluisse

459 3018 725 3098 videtur.
812 3020 1027 3103 Itaque
1065 3031 1127 3083 et
1173 3022 1312 3085 Chii
1357 3023 1432 3084 de
1467 3023 1747 3105 praesidio
1786 3024 1983 3107 questi
2026 3031 2189 3097 sunt,
2232 3024 2428 3089 missis
2476 2999 3029 3106 and-Alexandrum,

465 3160 650 3224 quum
693 3158 782 3203 ex,
810 3138 1079 3221 AEgypto
1124 3141 1188 3200 in
1234 3139 1469 3223 Syriam
1513 3136 1865 3202 revertisset
1924 3142 2279 3224 (Memphim
2324 3142 2571 3207 Arrian.
2618 3145 2754 3221 ΙΙΙ,
2818 3148 2921 3221 5,
2967 3153 3033 3224 1,

465 3264 546 3325 cf.
597 3261 879 3325 Freinsh.
930 3259 1007 3321 ad
1055 3258 1232 3319 Gurt.
1279 3258 1398 3331 IV,
1439 3260 1508 3331 8,
1557 3260 1691 3341 12),
1735 3258 1978 3339 legatiS,
2026 3265 2091 3319 et
2130 3260 2567 3345 Theopompus
2611 3262 2826 3338 Chius,
2868 3267 3037 3332 nobi-

462 3380 728 3443 lissimus
768 3376 1092 3440 historicus
1107 3418 1130 3447 ‚
1175 3375 1394 3441 litteris
1441 3376 1517 3438 ad
1558 3374 1973 3439 Alexandrum
2011 3377 2165 3437 datis
2186 3420 2207 3451 ,
2266 3378 2343 3437 de
2384 3378 2613 3460 injuriis
2634 3424 2655 3453 ,
2700 3402 2833 3467 quae
2872 3383 3037 3447 Chiis

466 3498 544 3559 ab
585 3495 862 3577 Harpalo
907 3494 1018 3553 illo
1062 3492 1398 3573 Macedone
1440 3493 1624 3556 illatae
1663 3502 1906 3567 essent,
1972 3502 2220 3577 questus
2265 3497 2521 3579 est137).
2616 3497 2833 3581 Neque
2874 3484 3037 3581 lega-

399 3610 405 3613 *
465 3620 566 3675 tos
600 3614 824 3676 frustra
867 3608 1288 3671 Alexandrum
1330 3611 1710 3684 convenisse,
1758 3612 1980 3672 docent
2023 3612 2268 3673 Curtius
2308 3614 2447 3695 (IV,
2490 3616 2557 3687 8,
2604 3616 2710 3698 12)
2759 3626 2823 3678 et
2864 3618 3039 3682 Arri-

467 3751 617 3793 anus
684 3730 805 3811 (ΙΙΙ
823 3773 845 3801 ,
912 3730 996 3803 5,
1068 3728 1158 3810 1).
1277 3728 1382 3787 Sic
1441 3726 1550 3789 illo
1610 3735 1885 3817 tempore
1940 3729 2004 3789 in
2062 3728 2403 3793 Alexandri
2458 3738 2758 3812 potestate
2826 3742 3041 3803 mansit

471 3847 686 3909 Chius.
782 3845 1028 3940 ,P⁰P¹¹¹⁰
1077 3865 1365 3905 summam
1409 3845 1484 3907 ab
1528 3843 1886 3908 Alexandro
1928 3848 2207 3911 traditam
2252 3868 2385 3909 esse
2428 3850 2703 3929 imperii,
2764 3855 2892 3937 jam
2928 3878 3041 3940 per

367 3996 380 4007 .
472 3984 539 4027 se
582 3962 890 4025 virisimile
948 3969 1042 4022 est
1099 3969 1162 4021 et
1207 3962 1432 4034 indicat
1473 3961 1667 4021 oratio
1712 3964 2017 4027 AEschinis
2064 3978 2273 4032 eontra
2320 3971 2600 4057 Ctesiph.
2643 3992 2711 4058 p.
2754 3973 2882 4037 393
2936 3974 3035 4035 ed.

467 4076 742 4153 Bekker,
786 4100 844 4139 a.
889 4076 1242 4143 CCCXXX
1281 4100 1339 4141 a.
1393 4077 1544 4141 Chr.
1593 4100 1661 4141 n.
1712 4079 1938 4144 habita.

739 4193 779 4279 ἓ
817 4197 926 4257 21.
1015 4192 1268 4258 Mortuo
1326 4194 1677 4257 Alexandro
1699 4240 1720 4269 ,
1816 4220 1999 4280 quum
2048 4201 2233 4269 duces
2291 4205 2513 4287 singuli
2565 4206 2801 4289 singula
2858 4227 3042 4289 regna

479 4312 942 4403 constituerent,
987 4312 1084 4373 cui
1123 4313 1418 4397 paruerit,
1463 4334 1540 4373 an
1577 4312 1773 4376 libera
1812 4316 1994 4378 fuerit
2033 4318 2246 4396 Chius,
2288 4344 2411 4383 non
2464 4324 2748 4387 traditur.
2778 4322 2805 4371 ·'
2886 4323 3043 4389 Mihi

617 4486 721 4555 ¹⁸⁷)
787 4485 993 4541 Athen.
1035 4485 1214 4552 XIII,
1251 4504 1304 4556 p.
1333 4484 1440 4541 595
1474 4486 1554 4549 A3
1624 4488 1697 4541 ef.
1737 4488 2231 4561 schweighausori
2269 4453 2552 4553 animadv.
2585 4496 2887 4573 innAthcn.
2924 4498 3041 4563 vll,

478 4594 535 4647 p.
584 4575 706 4630 161.
797 4576 1002 4633 Acrem
1059 4575 1234 4633 etiam
1280 4578 1681 4637 adversarium.
1721 4580 1896 4637 fuisse
1942 4585 2313 4641 Theocritum
2360 4589 2567 4643 Chium
2618 4588 2929 4659 sophistam
2986 4591 3045 4643 et

479 4666 856 4742 Theopompo
877 4676 931 4727 et
947 4671 1287 4733 Alexandro,
1316 4687 1406 4726 res
1435 4677 1570 4728 nota
1589 4677 1689 4731 est.
1727 4670 1812 4729 Cf.
1833 4674 2023 4735 Strab.
2046 4678 2204 4747 xlv,
2242 4698 2294 4750 p.
2313 4680 2438 4749 6⁴5,
2456 4682 2641 4738 Athen
2656 4683 2753 4749 lv,
2788 4680 3046 4753 933οΕ.
