3225 5400
1347 332 1440 404 17

94 540 262 632 patet
281 531 398 615 ⁷⁷).
511 532 726 615 ltaque
784 534 849 595 in
906 535 1164 610 inulam
1229 536 1600 617 immigrasse
1621 578 1643 608 ,
1706 541 1893 617 utque
1956 534 2260 599 connubio
2306 556 2445 599 cum
2484 536 2673 599 heroe

20 640 23 681 f
95 650 304 712 insulae
353 650 720 732 Oenopione
779 653 1250 736 conjungeretur
1268 697 1288 727 ,
1357 672 1604 735 operam
1650 652 1893 713 dedisse
1936 651 2205 733 fingitur.
2314 654 2679 736 Quanquam

20 810 38 829 ‚-
94 767 505 849 conjungendi
571 767 728 829 illud
792 770 1054 833 studium
1077 815 1097 844 ,
1171 770 1335 855 quod
1393 772 1456 831 in
1501 768 1723 852 mythis
1768 769 2093 849 saepissime
2141 769 2677 852 deprehendimuS,

93 886 424 947 discrimen
467 884 622 945 illud
659 888 831 974 prius
881 888 1126 949 abolere
1163 888 1288 969 jam
1336 888 1591 959 studuit,
1634 893 1705 946 ut
1750 887 2199 967 Oenopionem,
2244 888 2333 948 sie
2379 887 2679 950 Orionem

20 1040 44 1067 .·
93 1010 383 1085 nepotem
431 1003 658 1065 Minois
697 1005 960 1079 faeicns3
1033 1006 1178 1089 quin
1225 1006 1428 1077 etiam,
1489 1005 1542 1064 si
1585 1004 1834 1085 Hygino
1880 1002 2159 1085 (Astron.
2199 1004 2291 1073 11.
2330 1006 2441 1087 34)
2487 1005 2683 1067 eredi-

19 1068 23 1117 !
42 1100 50 1109 ,

20 1174 23 1194 2
95 1140 258 1193 mus,
307 1121 614 1181 Pindarus
661 1122 958 1183 Orionem
1001 1125 1064 1183 in
1109 1123 1242 1204 ipsa
1284 1122 1442 1183 Chio
1484 1128 1690 1181 natum
1733 1142 1867 1181 esse
1905 1121 2177 1182 tradidit.
2200 1121 2286 1203 ⁷⁸)

139 4667 211 4732 28
247 4674 306 4724 et
342 4669 420 4726 nd
456 4669 690 4742 Dionys.
729 4666 944 4739 perieg.
987 4684 1042 4721 v.
1081 4665 1204 4721 52⁰.

363 1238 464 1299 Ex
509 1238 616 1297 his
646 1242 830 1301 rebus
867 1262 1161 1322 apparere
1199 1249 1377 1322 puto,
1419 1239 1742 1320 populum,
1790 1237 1963 1319 cujus
2012 1237 2197 1298 heros
2253 1240 2453 1301 Orion
2492 1249 2681 1314 essct,

96 1354 396 1416 fabulosis
439 1357 818 1436 temporibus
869 1357 933 1419 in
981 1357 1204 1417 Chium
1245 1357 1503 1417 insulam
1544 1356 1915 1436 immigrasse
1982 1363 2045 1415 et
2088 1354 2387 1439 principio
2444 1360 2688 1442 quidem

95 1471 406 1533 societatis
461 1472 705 1533 viuculo
769 1495 908 1534 eum
952 1455 1140 1534 'Chiis
1207 1473 1596 1554 conjunctum
1653 1472 1881 1545 fuisse3
1974 1472 2235 1546 deinde,
2300 1496 2485 1556 quum
2530 1475 2690 1539 inter

20 1646 22 1655 ,
97 1598 396 1672 utrosque
456 1590 752 1649 dissensio
800 1598 933 1651 orta
975 1597 1138 1650 esset
1181 1598 1244 1650 ct
1288 1612 1515 1672 pugna,
1575 1590 1717 1649 illos
1763 1590 1839 1649 ah
1902 1588 1997 1649 his
2057 1588 2289 1669 ejectos
2332 1593 2556 1665 fuisse,
2628 1602 2692 1657 et

97 1708 258 1767 hane
300 1706 485 1767 fuisse
529 1728 766 1767 causam
811 1708 1066 1790 hujusce
1109 1708 1186 1767 de
1234 1706 1612 1789 Oenopionis
1656 1714 1837 1788 atque
1864 1706 2115 1767 Orionis
2162 1714 2225 1767 et
2270 1708 2693 1790 conjunctione

100 1830 170 1885 et
214 1822 516 1884 simultate
553 1824 804 1885 ‘fabulae-

373 1940 559 2000 Illum
600 1941 894 2021 populum
938 1940 1216 2002 Abantes
1258 1941 1442 2001 fuisse
1489 1942 1792 2022 suspicor.
1891 1941 2253 2023 Quanquam
2296 1943 2455 2005 enim
2502 1966 2691 2027 genus

21 2072 26 2077 “
105 2056 450 2120 Abanti-m
514 2058 1004 2119 obscurissimum
1077 2067 1206 2132 est,
1298 2080 1496 2141 neque
1579 2065 1778 2119 exstat
1834 2066 2037 2118 certus
2099 2058 2275 2119 locus
2332 2064 2691 2145 cujusquam

109 2176 476 2257 scriptoris,
562 2176 668 2258 qui
731 2175 1014 2235 dilucidis
1075 2176 1280 2236 verbis
1340 2176 1701 2248 confirmet,
1770 2174 2039 2235 Abantes
2107 2176 2357 2237 Orionis
2428 2179 2691 2241 fabulam

115 2293 388 2354 attulisse
409 2335 433 2364 ,
521 2313 751 2352 summa
819 2300 1022 2352 tamen
1083 2299 1180 2352 est
1237 2294 1398 2353 iuter
1443 2293 1769 2353 Abantium
1826 2299 1891 2351 et
1938 2292 2189 2353 Orionis
2246 2294 2309 2353 in
2374 2294 2531 2355 Chio
2594 2318 2695 2357 res

113 2418 316 2491 gestas
359 2410 701 2481 consensio,
746 2388 830 2469 et.
851 2408 1071 2481 adsunt
1105 2410 1360 2490 vestigia
1395 2410 1695 2492 quaedam,
1736 2430 1868 2492 quae
1916 2407 2401 2487 conjunctionem
2437 2411 2698 2492 aliquam

20 2566 25 2619 {-
112 2528 278 2589 inter
319 2526 596 2588 Abantes
643 2533 705 2587 et
748 2527 1044 2587 Orionem
1089 2527 1464 2587 intercedere
1509 2524 1781 2607 potuisse
1821 2526 2125 2595 indicent,
2194 2532 2264 2586 ut
2311 2525 2469 2589 hane
2508 2549 2699 2591 meam

113 2642 527 2726 conjecturam
573 2645 623 2704 si
658 2666 779 2704 non
817 2643 998 2727 plane
1043 2644 1480 2720 demonstrent,
1524 2651 1586 2703 at
1633 2650 1797 2703 certe
1846 2648 2161 2702 excusent.

387 2761 548 2836 Quae
595 2769 664 2820 ut
709 2761 1021 2820 ostendam
1043 2804 1068 2834 ,
1139 2781 1388 2822 necesse
1429 2768 1522 2820 est
1583 2761 1777 2821 varias
1818 2760 1893 2820 de
1941 2756 2279 2832 Abantibus
2329 2760 2699 2822 narrationes

115 2877 478 2960 conquirere
522 2884 584 2938 et
631 2885 943 2938 excutere.

385 3042 428 3127 5
467 3045 534 3106 5.
622 3044 932 3104 Homerus
967 3049 1180 3104 auctor
1214 3050 1332 3115 est,
1383 3043 1487 3124 (Ιὶ.
1513 3043 1602 3116 11,
1647 3067 1707 3104 v.
1740 3044 1867 3106 536
1911 3043 2115 3124 seqq.)
2160 3041 2431 3103 Abantes
2472 3042 2702 3102 incolas

123 3161 306 3222 fuisse
337 3161 633 3234 Euboeae,
693 3182 950 3243 quorum
991 3161 1175 3220 urbes
1216 3169 1495 3222 recenset
1531 3159 1911 3232 Chalcidem,
1970 3160 2297 3231 Eretriam,
2358 3159 2701 3230 Histiaeam,

131 3275 482 3338 Cerinthum
502 3320 524 3350 ,
593 3279 778 3339 Dium
801 3321 823 3350 ,
881 3278 1202 3359 Carystum
1223 3323 1243 3351 ,
1288 3280 1490 3360 Styra.
1592 3278 1751 3337 Cum
1791 3277 2011 3336 ceteris
2054 3275 2285 3336 Graecis
2332 3275 2704 3355 expeditioni

132 3403 344 3456 eontra
389 3395 639 3478 Troiam,
701 3395 857 3455 duce
903 3395 1293 3476 Elephenore
1318 3438 1338 3467 ,
1403 3393 1839 3455 Chalcodontis
1887 3393 2012 3452 filio
2038 3435 2059 3464 ,
2130 3413 2266 3452 cum
2313 3391 2706 3472 quadraginta

131 3513 380 3575 navibus
442 3514 784 3586 intersunt,
870 3519 1050 3573 tonsu
1105 3512 1395 3594 singulari
1457 3511 1745 3572 distincti.
1769 3511 1857 3592 ⁷⁹)
1971 3508 2300 3571 Alaea-itate
2364 3515 2426 3570 et
2482 3509 2708 3570 ferocia

277 3751 356 3822 ⁷²)
427 3755 514 3809 cf.
579 3771 699 3824 quae
749 3749 974 3822 scripsit
1032 3755 1239 3822 neyne
1318 3755 1390 3808 ud
1451 3749 1783 3822 Apollodori
1847 3751 1889 3802 l.
1947 3749 1992 3801 l.
2050 3754 2107 3803 et
2163 3748 2383 3802 Mfiner
2438 3746 2710 3841 Orthop-

135 3841 301 3914 1)-99
337 3863 488 3918 seqq·

271 3936 350 4004 ⁷⁸)
419 3940 638 3993 Mulier
683 3934 1116 4006 Orch.p.100
1151 3953 1204 3988 ιι.
1243 3931 1286 3988 3
1323 3935 1434 3986 huc
1487 3931 1882 3998 conjunctione
1930 3945 2038 3982 non
2094 3927 2488 3982 animadversa
2543 3926 2715 3981 aliter

133 4025 203 4078 de
238 4027 350 4080 huc
385 4046 450 4082 re
485 4029 793 4096 judicavit·
836 4027 1161 4082 &Eratosth
1202 4027 1420 4079 Katnst.
1455 4024 1541 4077 32.
1601 4026 1825 4077 Dareus
1860 4021 2075 4092 Hygin.
2115 4021 2335 4072 Astron
2374 4018 2449 4080 11,
2488 4018 2557 4072 31
2600 4021 2713 4073 und

135 4116 268 4170 sch.
304 4119 540 4176 meana.
603 4121 880 4176 Theriak.
920 4137 973 4172 v.
1013 4117 1100 4170 15.
1185 4117 1362 4170 Bcide
1412 4117 1600 4168 haben
1653 4131 1755 4168 nus
1793 4115 1947 4166 ihrer
1984 4113 2193 4181 Quellc
2230 4110 2376 4162 auch
2415 4111 2519 4164 den
2558 4113 2711 4164 alten

135 4207 350 4264 Fehler
371 4216 599 4268 Μίνωος
624 4216 720 4268 fiir
741 4207 882 4266 Μινί
859 4233 964 4274 mv
1009 4209 1134 4261 eine
1171 4210 1322 4262 iiftcr
1354 4207 1798 4262 vorkommende
1820 4204 2317 4270 Verwechselung‚
2351 4199 2716 4270 ubgeschrie-

134 4299 265 4359 ben.
270 4300 308 4332 ''
377 4305 628 4372 Vereor,
682 4321 754 4359 ne
803 4299 1268 4356 inconsideratius
1305 4301 1414 4354 ista
1463 4297 1754 4369 scripserit
1787 4293 1875 4349 vir
1910 4291 2385 4364 ingeniosissimus
2420 4298 2477 4345 et
2510 4292 2716 4346 doctis·

138 4391 334 4448 simun.

279 4483 359 4554 7’)
421 4473 671 4541 ”Οπιθεν
703 4481 1018 4555 κομόωντες,
1053 4483 1112 4536 id
1149 4483 1297 4554 quod
1335 4483 1628 4554 singulare
1666 4479 1874 4550 dicitur
1911 4477 2083 4532 fuisse
2119 4481 2309 4530 tonsus
2352 4469 2591 4526 Euboici
2625 4473 2719 4525 vel

139 4574 380 4630 Thracii
415 4578 750 4650 (utrumque
789 4577 985 4629 eodem
1021 4575 1231 4643 reding
1291 4575 1550 4631 Eustuth.
1595 4575 1667 4629 ad
1705 4574 1775 4628 11.
1816 4577 1871 4626 11
1910 4589 1961 4624 v·
2000 4567 2127 4630 54⁰,
2168 4567 2255 4620 ed.
2296 4567 2461 4619 Rom.
2500 4583 2552 4633 p.
2592 4562 2717 4626 278,

2030 4745 2079 4810 2.
