3225 5400
1447 289 1546 363 53

202 477 363 548 anno
427 486 750 572 quiequam
793 481 1058 556 effecisse
1118 481 1360 561 videtur
1403 488 1633 555 Chares
1650 534 1674 566 ,
1750 497 1815 553 et
1856 490 1935 553 de
1976 489 2169 553 altero
2210 488 2391 572 hujus
2433 491 2586 556 belli
2625 515 2784 560 anuo

197 625 454 686 prorsus
503 606 718 669 siletur
743 605 884 691 ¹³²).

467 726 684 787 Tertio
726 727 910 808 igitur
954 748 1111 789 anno
1154 727 1343 801 belli,
1397 749 1582 810 quum
1627 725 1825 787 navali
1864 725 2103 811 proelio
2151 726 2335 788 totius
2373 726 2527 794 belli
2572 727 2783 790 discri-

199 863 342 903 men
401 844 666 924 experiri
733 845 1004 927 utrisque
1069 846 1436 928 placuisset,
1507 845 1783 926 ingentes
1844 842 1998 903 belli
2048 853 2368 934 apparatus
2418 845 2562 905 facti
2614 851 2777 924 sunt.

201 960 602 1022 Athenienses
641 962 717 1022 ad
759 962 876 1023 Lx
917 962 1054 1023 illas
1091 985 1299 1037 naves,
1351 984 1499 1048 quas
1548 962 1811 1023 Charete
1862 959 2016 1024 duce
2058 962 2268 1023 missas
2315 982 2449 1022 esse
2491 961 2778 1033 diximus,

191 1077 415 1140 alteras
464 1079 716 1141 totidem
758 1081 1085 1155 miserunt,
1163 1086 1669 1164 praestantissimis
1718 1083 1947 1145 civibus
1990 1081 2355 1163 praetoribus
2409 1079 2564 1139 datis
2612 1078 2778 1159 Iphi-

193 1202 360 1258 crate
407 1205 472 1258 et
519 1197 844 1284 Timotheo
865 1241 886 1272 ,
951 1199 1059 1282 qui
1104 1221 1241 1260 cum
1285 1201 1550 1262 Charete
1577 1187 1794 1263 ¹socios
1835 1199 2202 1261 rebellantes
2237 1175 2406 1258 bello
2450 1215 2779 1278 perseque-

189 1307 425 1375 rentur.
452 1313 568 1397 1³²³³)
653 1315 794 1376 Chii
840 1323 904 1376 et
950 1315 1180 1378 Rhodii
1221 1326 1284 1378 et
1328 1299 1602 1402 Byzantii
1644 1340 1763 1379 una
1803 1315 1943 1379 eum
1985 1316 2192 1390 soeiiS,
2241 1317 2488 1376 centum'
2522 1313 2775 1375 navibus

185 1431 462 1505 armatis,
507 1454 690 1514 quum
739 1431 1010 1496 Imbrum
1056 1442 1120 1494 et
1165 1429 1482 1510 Lemnum,
1533 1457 1668 1520 quae
1715 1434 2173 1498 Atheniensium
2224 1439 2421 1505 erant,
2467 1407 2773 1492 devastas-

97 1542 110 1548 *
180 1557 366 1623 sent,
427 1548 718 1612 adversus
767 1551 1012 1613 Samum
1062 1574 1275 1634 mag-no
1323 1553 1615 1635 apparatu
1657 1552 1918 1634 profecti
1963 1551 2219 1613 insulam
2260 1549 2566 1610 hostiliter
2606 1549 2771 1608 inva-

179 1674 400 1727 serunt
459 1675 524 1728 et
585 1670 800 1730 urbem
861 1677 1026 1732 terra
1087 1670 1359 1753 marique
1422 1678 1869 1756 oppugnarunt.
1976 1669 2206 1732 Multas
2271 1667 2417 1727 alias
2482 1667 2768 1746 deinceps

178 1785 458 1859 insulas,
528 1807 663 1868 quae
724 1787 786 1846 in
842 1788 1078 1850 dicione
1126 1797 1297 1848 erant
1336 1787 1799 1870 Atheniensium
1822 1833 1843 1863 ,
1911 1786 2274 1870 populantes
2311 1805 2461 1866 opes
2500 1783 2577 1844 ad
2618 1782 2769 1843 belli
2842 1823 2853 1834 ο

177 1925 332 1966 usus
395 1905 766 1966 necessarias
827 1905 1274 1986 comparabant.
1395 1906 1525 1968 Sed
1577 1929 1762 1989 quum
1816 1912 2109 1988 praetores
2161 1901 2625 1965 Atheniensium
2689 1897 2769 1958 ad

175 2021 536 2104 Byzantium
580 2019 979 2083 obsidendum
1039 2044 1104 2082 se
1144 2024 1624 2097 convertissent,
1673 2023 1812 2084 Chii
1854 2030 1918 2083 et
1958 2023 2109 2085 socii
2156 2043 2365 2083 eorum
2384 2063 2405 2094 ,
2428 2016 2766 2085 ,obsidione

179 2140 381 2202 Sami„
397 2140 643 2214 omissa,
687 2141 764 2201 ad
809 2140 1162 2221 Byzantium
1205 2141 1521 2201 tutandum
1559 2141 1823 2222 profecti
1864 2149 2044 2215 sunt3
2105 2147 2170 2200 et
2209 2158 2417 2200 omnes
2460 2143 2763 2196 utrorum-

181 2278 305 2340 que
367 2259 558 2339 copiae
601 2258 688 2332 xad
733 2257 1208 2339 Hellespontum
1249 2258 1693 2320 confluxerunt.
1797 2259 1903 2320 lbi
1958 2279 2145 2340 quum
2197 2254 2500 2338 proelium
2558 2227 2781 2311 inituri'

181 2381 387 2436 essent
405 2417 427 2448 ,
491 2374 815 2435 vehemens
873 2376 1040 2437 venti
1082 2375 1343 2456 impetus
1405 2397 1534 2437 rem
1576 2375 2010 2456 praepediebat.
2120 2373 2352 2434 Chares
2426 2390 2611 2452 quum
2658 2366 2762 2428 vel

179 2499 392 2552 contra
435 2499 706 2552 naturam
763 2513 1032 2574 pugnare
1077 2499 1368 2574 cuperet,
1430 2491 1886 2574 refragantibus·
1917 2496 2172 2573 propter
2218 2489 2341 2550 vim
2383 2483 2758 2566 tempestatis

181 2609 485 2689 Iphicrate
550 2616 612 2669 et
648 2609 1013 2682 Timotheo,
1082 2630 1312 2702 pugnax
1347 2610 1591 2693 quidem
1650 2608 1973 2681 abstinuit,
2049 2607 2159 2668 sed
2220 2605 2441 2668 milites
2503 2607 2759 2662 testatus

177 2725 446 2811 collegas
509 2726 868 2807 proditionis
921 2730 1264 2802 accusavit,
1335 2738 1396 2789 et
1442 2750 1556 2810 per
1599 2728 1835 2788 litteras
1876 2727 2036 2807 apud
2076 2724 2371 2806 populum
2413 2720 2759 2782 criminatus

177 2851 314 2917 est,
374 2863 479 2903 eos
523 2843 600 2903 de
644 2844 936 2905 industria
979 2845 1282 2926 proelium
1330 2846 1755 2929 dereliquisse.
1871 2845 2011 2921 Qua
2058 2838 2469 2903 criminatione
2510 2857 2755 2897 exacer-

170 2962 302 3026 bati
353 2960 754 3022 Athenienses
813 2962 1178 3045 Iphicratem
1237 2971 1300 3025 et
1355 2963 1746 3026 Timotheum
1807 2961 2061 3045 imperio
2104 2936 2493 3023 removerunt
2535 2948 2783 3037 (Diod.¹

173 3080 304 3151 Sic,
347 3080 527 3152 XVI,
567 3079 700 3162 21).
727 3079 846 3163 l3⁴¹)

312 3439 413 3509 ¹³²)
479 3436 599 3493 Nisi
651 3439 802 3510 quod
852 3438 1064 3493 sociale
1099 3440 1316 3493 bellum
1355 3440 1681 3511 Agathocle
1728 3445 1785 3494 et
1818 3441 2026 3513 Elpine
2064 3401 2431 3495 archontibus
2466 3429 2747 3502 principue

165 3537 396 3605 gestum
432 3548 572 3598 esse,
610 3533 810 3586 auctor
846 3538 930 3585 est
966 3531 1268 3602 Dionysius
1309 3532 1380 3585 de
1414 3530 1604 3603 Lysia,
1645 3533 1824 3602 PASO
1864 3534 1951 3587 ed.
1988 3532 2218 3587 Reiske.

312 3636 414 3741 ¹3³)
483 3671 569 3725 De
623 3688 860 3725 numero
910 3670 1318 3741 imperatorum
1369 3669 1461 3724 illi
1517 3670 1862 3741 expeditioni
1912 3666 2334 3743 praepositorum
2392 3664 2467 3717 cf.
2514 3660 2739 3715 Clintou

163 3764 299 3819 fust.
335 3764 496 3817 Heu.
538 3762 623 3816 ed.
663 3763 909 3833 Kriiger.
945 3782 1003 3831 1³·
1041 3762 1163 3817 136.
1761 3761 1770 3772 '

308 3900 410 3967 ιε’4)
483 3901 800 3970 Utrumque
835 3916 1046 3971 magna
1084 3897 1322 3969 pecunia
1360 3901 1669 3953 multatum
1704 3917 1824 3964 esse
1859 3896 2138 3952 Diodorus
2178 3899 2219 3951 1.
2258 3898 2298 3949 l.
2338 3890 2602 3954 tradidit3
2640 3887 2736 3941 sed
2762 3874 2783 3887 '

161 3991 534 4047 Timotheum
578 3994 764 4046 solum
816 3998 1039 4045 centum
1091 3991 1316 4045 talentis
1369 3994 1676 4045 multatum
1727 4008 1883 4056 esse,
1946 3990 2092 4060 quod
2148 4006 2181 4041 a
2216 3986 2366 4040 Chiis
2404 3992 2460 4037 et
2500 3980 2738 4037 Rhodiis

161 4081 428 4153 pecunias
466 4100 591 4137 oum
621 4082 1360 4154 sumpsisse'eriminuretur
1394 4082 1733 4155 Aristophon
1773 4083 2021 4153 quidam,
2058 4080 2421 4152 gravissimus
2464 4082 2547 4129 est
2583 4072 2739 4127 testis

163 4174 434 4227 Dium-eh.
471 4176 670 4227 contra
717 4176 1011 4229 Demosth.
1061 4193 1119 4246 p.
1158 4175 1264 4229 15⁰
1303 4180 1360 4229 et
1393 4181 1591 4228 contra
1629 4176 1869 4228 Philocl-
1907 4194 1961 4244 p.
1998 4174 2139 4238 19⁰,
2193 4174 2278 4226 ed.
2324 4170 2583 4233 Bekker3
2662 4164 2737 4219 cf·

165 4266 394 4321 Col-nel.
430 4266 568 4336 Nep.
607 4266 814 4334 Iphicr.
851 4284 898 4320 e.
933 4266 1036 4320 ΠΙ.
1106 4268 1384 4321 Isocrates
1418 4272 1541 4339 περὶ
1578 4262 1897 4325 ἀντιδόσεως
1930 4285 1985 4338 p.
2016 4266 2122 4320 375
2156 4269 2185 4335 §
2217 4265 2323 4319 129
2360 4264 2446 4317 ed.
2485 4260 2731 4315 Bekker.

157 4356 455 4412 Cornelius
489 4358 674 4425 Nepos
709 4358 988 4423 (Timoth.
1029 4376 1076 4412 c.
1119 4360 1232 4427 111)
1270 4360 1390 4411 hoec.
1437 4360 1509 4413 ad
1545 4360 1780 4411 Samum
1829 4366 1991 4429 gesta
2031 4376 2148 4420 esse
2200 4355 2464 4418 tradidit3
2500 4352 2617 4405 ·sed
2652 4350 2726 4403 ct.

159 4449 424 4503 Punofku
461 4450 532 4502 de
562 4448 681 4503 reb.
717 4447 868 4502 Sam.
902 4468 956 4518 p.
987 4448 1076 4505 77.
1149 4451 1442 4519 Polymnus
1477 4450 1606 4517 (111,
1642 4450 1696 4514 9,
1733 4449 1831 4516 29)
1863 4468 1983 4502 rem
2020 4452 2088 4502 ad
2122 4448 2190 4504 τοὶ
2219 4444 2481 4519 ”Egestam
2516 4446 2729 4495 factam

155 4556 276 4594 esse
333 4547 530 4596 auctor
584 4546 684 4594 est.
761 4540 1340 4597 commemoravimus
1396 4543 1482 4613 (p.
1517 4541 1583 4607 8,
1648 4543 1839 4595 annot.
1878 4540 1975 4610 31)
2022 4538 2083 4597 τό
2110 4535 2400 4612 ’Ἑμβατον
2434 4534 2529 4605 τῆς
2567 4532 2731 4610 Ἔρυξ

157 4634 378 4701 θραιάσ.
481 4631 919 4697 Nihil-obstat,
977 4649 1088 4701 quo
1137 4632 1321 4687 minus
1381 4632 1488 4689 illa
1537 4629 1769 4687 nomina
1815 4634 2064 4701 phu-ium
2112 4635 2367 4688 locorum
2406 4626 2729 4684 communia

155 4722 328 4778 fuisse
365 4726 679 4781 credamus.
751 4726 798 4780 Ε
839 4723 943 4779 tali
978 4721 1206 4779 nomine
1241 4724 1388 4780 nihil
1425 4731 1577 4780 certe
1611 4725 1951 4779 concludere
1988 4725 2142 4780 licet.
2694 4728 2701 4733 ’
