3225 5400
1609 249 1709 321 40

377 459 554 513 erunt
596 460 656 513 et
699 472 814 533 pro
863 446 1074 513 dece‘m
1117 451 1240 513 illis
1287 452 1554 535 quinque
1613 449 1747 511 alioe
1804 450 1868 510 in
1931 448 2179 531 regione
2240 449 2537 511 Laconica
2596 449 3028 533 parabantur

374 571 600 651 (Thue.
649 570 828 643 VIII,
872 570 963 651 6).

639 687 935 771 Sequenti
977 692 1182 745 aestate
1219 684 1580 748 instantibus
1630 684 1801 746 Chiis
1823 726 1844 757 ,
1908 690 1979 743 ut
2022 704 2207 745 naves
2250 682 2372 745 illae
2412 683 2797 745 mitterentur
2816 727 2837 753 ,
2930 688 3021 743 et

374 805 728 866 verentibus
748 849 768 878 ,
817 825 895 864 ne
943 802 1344 865 Athenienses
1365 848 1387 877 ,
1438 824 1575 887 quae
1618 808 1969 884 agerentur,
2014 808 2479 882 cognoscerent,
2524 800 3018 863 Lacedaemonii

377 931 506 983 tres
564 922 800 1003 legatos
863 922 1195 1003 Spartiatas
1257 920 1619 1007 Corinthum
1671 920 2005 991 miserunt,
2074 925 2146 979 ut
2191 938 2225 977 e
2274 918 2411 979 sinu
2464 917 2857 980 Corinthiaco
2886 952 2897 958 -
2926 918 3013 977 in

379 1039 739 1101 Saronicum
799 1047 1170 1101 transvectas
1225 1059 1410 1099 naves
1465 1059 1674 1099 omnes
1694 1082 1716 1112 ,
1782 1044 1846 1097 et
1886 1057 2035 1119 quas
2080 1035 2231 1117 Agis
2277 1036 2341 1095 in
2381 1036 2742 1098 Lesbiorum
2784 1056 3005 1097 usum

378 1165 622 1238 pararet
668 1157 737 1239 (l.
772 1156 821 1216 l.
859 1178 916 1217 c.
945 1132 1066 1238 5),
1091 1163 1154 1216 et
1197 1162 1430 1216 ceteras
1474 1154 1694 1219 Chium
1736 1155 2017 1235 navigare
2052 1153 2364 1233 juberent.
2465 1154 2620 1230 Quoe
2662 1154 2747 1215 ihi
2794 1160 3011 1215 erant

280 1290 286 1295 ’
380 1296 564 1335 naves
597 1274 895 1335 sociarum
923 1274 1229 1335 civitatum
1265 1270 1474 1334 omnes
1507 1293 1760 1333 numero
1801 1271 2355 1355 undequadraginta
2391 1270 2657 1335 fuerunt.
2725 1272 3007 1349 Quibus

379 1391 566 1451 rebus
627 1392 882 1472 cognitis
943 1391 1264 1473 Calligitus
1333 1398 1398 1451 et
1458 1390 1815 1473 Timagoras
1872 1410 2072 1473 neque
2143 1410 2292 1470 quas
2365 1388 2653 1469 pecunias
2706 1370 3007 1470 (talenta

383 1508 595 1590 XXV)
653 1508 980 1569 attulerant
998 1552 1020 1582 ,
1088 1508 1233 1569 dare
1296 1509 1623 1571 voluerunt
1685 1516 1749 1569 et
1800 1507 2055 1590 posthae
2111 1528 2242 1569 rem
2300 1527 2472 1569 suam
2538 1528 2649 1570 suo
2713 1508 3000 1570 consilio

381 1626 667 1709 persequi
702 1626 1045 1707 cogitabant
1088 1627 1313 1709 (Thue.
1359 1626 1542 1700 VIII,
1587 1628 1657 1699 7,
1702 1628 1927 1709 serp).-

647 1743 792 1804 Jam
848 1765 1032 1826 quum
1085 1765 1162 1803 ne
1207 1743 1358 1826 Agis
1419 1744 1663 1828 quidem
1709 1742 2305 1804 Lacedaemoniorum
2363 1740 2565 1802 studio
2628 1742 2692 1801 in
2750 1738 2995 1805 Chium

384 1861 554 1942 prius
592 1860 912 1942 navigandi
947 1860 1398 1937 adversaretur,
1442 1863 1594 1925 socii
1640 1860 1999 1922 Corinthum
2043 1859 2419 1921 deliberandi
2462 1880 2639 1921 causa
2675 1862 2993 1923 convenc-

385 1985 552 2063 runt.
647 1977 888 2057 Quibus
955 1978 1224 2060 placuit,
1294 1986 1363 2040 ut
1415 1980 1678 2062 primum
1723 1980 1787 2038 in
1835 1978 2054 2038 Chium
2102 1977 2257 2037 duee
2306 1976 2635 2039 Chalcideo
2658 2022 2679 2051 ,
2754 1979 2992 2043 deinde

386 2096 449 2155 in
489 2096 757 2157 Lesbum
794 2094 1158 2170 Alcamene,
1208 2103 1518 2179 postremo
1557 2096 1621 2155 in
1677 2096 2151 2177 Hellespontum
2205 2094 2505 2157 Clearcho
2544 2094 2697 2157 duee
2737 2096 2935 2157 iretur
2958 2120 2987 2173 ς

384 2215 690 2297 iidemque
729 2221 1114 2291 censuerunt,
1175 2221 1246 2273 ut
1279 2214 1523 2274 dimidia
1560 2194 1713 2294 pars
1735 2214 1974 2275 navium
2014 2221 2180 2274 trans
2222 2212 2517 2273 Isthmum
2562 2221 2735 2275 vecta
2776 2217 2986 2279 statim

385 2333 717 2412 navigaret.
834 2310 1048 2414 Itaque
1123 2332 1338 2393 statim-
1395 2331 1558 2395 XXI
1634 2344 1837 2393 naves‘
1912 2338 2269 2393 transvectae
2363 2338 2506 2391 sunt
2542 2346 2563 2358 ‘
2597 2330 2974 2417 (Thucydid.
3017 2386 3026 2389 -

387 2447 579 2521 VIII,
617 2450 713 2529 8).

457 2654 460 2657 ἢ
581 2541 592 2559 s
655 2566 862 2641 Quum
890 2565 1192 2627 Corinthii
1221 2587 1419 2649 neque
1460 2566 1579 2647 ipsi
1621 2566 1791 2648 prius
1837 2565 2119 2647 navigare
2162 2588 2341 2650 quam
2372 2567 2623 2630 Isthmia
2645 2568 2790 2650 ll⁴²),
2838 2592 2983 2654 quae

388 2682 715 2756 instabant,
757 2682 962 2772 habita
1005 2691 1232 2758 essent,
1275 2705 1474 2768 neque
1518 2683 1704 2764 Agidi
1744 2705 1883 2743 suas
1928 2705 2111 2744 naves
2154 2686 2527 2747 committere
2568 2687 2822 2762 vellent,
2866 2690 2987 2752 illa

391 2821 560 2862 mora
599 2800 980 2880 interposita,
1027 2800 1432 2864 Athenienses
1481 2802 1733 2862 consilia
1780 2801 2074 2862 Chiorum
2121 2803 2307 2884 mag-is
2342 2814 2694 2887 senserunt,
2744 2815 2809 2867 et
2848 2829 2982 2869 uno

391 2926 720 3002 praetorum
785 2915 1162 2978 Aristocrate
1245 2919 1430 2979 misso
1497 2939 1604 2979 eos
1667 2919 2044 2980 incusabant.
2138 2987 2143 2992 ,
2211 2921 2587 3002 Negantibus
2659 2925 2829 2988 Chiis
2896 2927 2987 2988 ad

394 3037 574 3097 tidem
635 3032 966 3095 faciendam
1032 3055 1215 3095 naves
1269 3056 1346 3094 ex
1402 3034 1544 3115 jure
1610 3036 1873 3096 foederis
1933 3037 2239 3118 imperatae
2301 3048 2463 3102 sunt.
2572 3042 2677 3104 Illi
2743 3053 2985 3127 septem

393 3155 711 3214 miserunt.
755 3151 972 3234 Neque
998 3151 1333 3212 mirandum
1356 3161 1474 3225 est,
1516 3173 1700 3213 naves
1735 3176 1769 3213 a
1794 3153 1962 3214 Chiis
2004 3155 2171 3215 datas
2208 3176 2369 3229 esse,
2408 3179 2589 3240 quum
2626 3161 2984 3238 multitudo,

397 3291 530 3354 quae
571 3274 920 3352 agerentur,
964 3269 1295 3349 ignoraret,
1343 3265 1522 3352 pauci
1559 3271 1652 3330 illi
1690 3271 2035 3353 optimates,
2076 3273 2178 3354 qui
2222 3275 2447 3335 conscii
2493 3253 2687 3352 erant,
2735 3281 2987 3362 plebem

399 3387 664 3448 nondum
703 3385 1105 3447 adversariam
1144 3385 1370 3450 habere
1417 3389 1675 3462 vellen-t,
1720 3396 2037 3473 antequam
2078 3389 2217 3472 plus
2256 3392 2470 3454 virium
2512 3394 2717 3478 adepti
2750 3407 2985 3478 essent,

402 3525 597 3588 neque
619 3547 640 3576 ,
703 3483 870 3585 quod
911 3525 1140 3564 moram
1177 3505 1447 3568 facerent
1487 3507 1963 3589 Peloponnesii,
2018 3529 2124 3568 eos
2164 3508 2291 3590 jam
2333 3519 2622 3574 venturos
2666 3525 2989 3598 sperarent

403 3623 631 3706 (Thue.
664 3621 844 3694 VIII,
864 3622 960 3701 9).
1019 3622 1182 3682 Dum
1227 3622 1358 3683 haec
1405 3631 1722 3706 geruntur,
1768 3625 2195 3701 Athenienses,
2241 3651 2424 3712 quum
2463 3631 2715 3720 Isthmia
2756 3635 2991 3700 indicta

402 3744 738 3822 spectatum
777 3738 1122 3813 venissent,
1166 3741 1534 3802 manifestius
1577 3743 1754 3803 etiam
1798 3745 2049 3805 consilia
2091 3744 2383 3808 Chiorum
2425 3747 2986 3830 deprehenderunt.

402 3858 615 3940 Itaque
659 3879 845 3938 quum
887 3858 1320 3933 revertissent,
1372 3861 1570 3922 statim
1607 3869 2009 3942 paraverunt,
2078 3870 2146 3925 ut
2186 3886 2369 3927 naves
2418 3867 2748 3930 Cenchreis
2791 3879 2992 3933 veetae

404 3997 482 4035 ne
541 3995 607 4034 se
669 3973 974 4035 fallerent.
1069 3974 1212 4035 Jam
1258 3977 1729 4060 Peloponnesii,
1800 3980 1953 4040 duee
1996 3979 2371 4057 Alcamene,
2432 4005 2611 4046 unam
2652 3993 2715 4046 et
2769 3987 2994 4069 viginti

405 4111 590 4152 naves
637 4090 773 4150 illas
807 4091 1078 4165 solvunt,
1138 4099 1358 4155 contra.
1390 4098 1846 4180 quosaetotidem
1889 4098 2166 4174 navibus,
2214 4099 2277 4160 in
2324 4102 2541 4184 quibus
2584 4111 2818 4187 septem
2858 4103 2992 4170 illae

409 4325 558 4394 quod
596 4324 930 4378 Alcamenes
967 4344 1014 4378 c.
1036 4330 1082 4379 V
1117 4323 1386 4402 ᾰρμοστὴς
1422 4334 1742 4400 appellatus
1784 4335 1981 4388 mvn!
2019 4327 2191 4408 ὄρχων
2226 4353 2337 4390 non
2374 4336 2561 4394 minus
2593 4356 2765 4412 quam
2802 4341 2989 4396 Chal-

315 4444 320 4450 ·
411 4415 600 4469 cidens
649 4418 992 4486 appellatur.
1097 4420 1352 4483 Deinde,
1420 4424 1517 4493 qui
1565 4427 1873 4480 Chalcideo
1922 4426 2203 4490 succedit,
2282 4427 2679 4486 Pedaritus‘w
2711 4433 2984 4503 Thucyd.

412 4509 492 4575 (c.
528 4508 796 4576 XXllX)
833 4503 1037 4579 ὅρκων,
1087 4512 1162 4565 al)
1200 4513 1654 4583 Harpocratione
1690 4519 1766 4584 (s.
1800 4514 2182 4595 ν.)-οἷρμοστὴς
2219 4524 2560 4590 appellatur.
2646 4528 2784 4594 Quae
2818 4525 2986 4580 uncis

411 4597 635 4660 inclusi,
672 4602 884 4654 nollem
923 4602 1011 4655 vir
1048 4604 1244 4658 doctus
1279 4606 1608 4676 scripsisset.
1685 4609 1776 4662 Cf.
1814 4610 2049 4664 Goeller
2084 4612 2155 4664 ad
2194 4630 2238 4664 e.
2279 4611 2367 4670 20.
2412 4643 2415 4646 ·

553 4691 655 4760 ¹1⁴)
724 4691 808 4745 De
843 4693 1113 4764 temporis
1150 4694 1370 4750 ratione
1405 4699 1480 4755 ef.
1520 4699 1859 4758 Goeller-ml
1897 4702 2081 4758 Thuc·
2116 4705 2262 4769 VIII,
2298 4704 2349 4759 9·

3192 2772 3203 2808 ξ,
3206 2674 3209 2687 Δ
3190 2372 3207 2635 -Ι-,.ῌ.“-
3192 2285 3197 2298 -
