3225 5400
1702 238 1803 313 48

468 447 684 509 dei-ent
753 440 1090 529 (popularis
1137 442 1294 503 enim
1339 446 1527 503 status
1583 442 1759 505 brevi
1802 450 1941 504 ante
1986 432 2243 505 Athenis
2287 442 2559 505 sublatus
2603 444 2739 505 erat
2759 444 2863 529 ¹24)
2888 492 2907 521 ,
2960 446 3087 509 1⁰1⁴·-

467 564 707 625 obviam
743 560 1081 643 procedere
1126 581 1249 620 non
1289 560 1605 634 auderent,
1649 562 1933 624 Miletum
1975 560 2304 622 revertitur
2372 560 2524 645 (Th.
2572 561 2759 637 VIII,
2808 567 2945 647 63).

699 679 1049 741 -Mindarus
1070 720 1092 751 ,
1157 678 1261 760 qui
1307 678 1618 760 Astyoche
1664 678 2001 749 nauarchus
2049 686 2423 741 successerat
2474 679 2621 761 (Th.
2677 682 2871 755 VIII,
2916 682 3076 761 85)

467 819 656 882 quum
719 798 782 857 in
841 795 1316 877 Hellespontum
1353 795 1442 855 ire
1492 797 1920 860 „constituisset
1941 841 1961 871 ‚
2026 795 2225 857 media
2274 797 2403 857 fere
2449 781 2655 856 aestate
2718 792 2795 852 ad
2840 792 3077 855 Chium

467 914 704 997 appulit
762 914 911 996 (Th.
958 913 1114 975 VIII
1134 957 1154 986 ,
1221 915 1343 987 99,
1412 914 1599 974 Diod.
1659 914 1785 978 Sic.
1830 916 2033 989 XIII,
2099 918 2233 999 38).
2332 914 2429 977 Ibi
2469 913 2657 973 hiduo
2687 984 2692 987 ,
2720 920 3062 973 οοιιιιιιιειιῐτι

467 1054 652 1095 naves
728 1031 1013 1092 instruxit
1031 1074 1053 1103 ,
1149 1052 1452 1113 quumque
1531 1032 1752 1113 singuli
1843 1040 2045 1093 ternas
2148 1033 2662 1120 quadragesimas
2730 1028 2919 1090 Chias
2945 1001 3063 1121 {23⁸

469 1151 870 1233 accepissent,
917 1148 1098 1209 tertio
1143 1149 1240 1208 die
1278 1149 1420 1209 inde
1461 1150 1645 1211 solvit
1693 1150 1917 1232 (Thuc.
1967 1149 2149 1224 VIII,
2193 1150 2369 1231 101).

738 1266 926 1329 Chios
986 1266 1048 1325 in
1112 1266 1350 1347 proelio
1406 1268 1483 1327 ad
1541 1268 1787 1328 Sestum
1854 1268 2173 1329 commisso
2240 1265 2711 1327 Lacedaemoniis
2764 1263 3055 1335 adfuisse²

469 1408 652 1469 supra
691 1384 1030 1445 monuimus
1075 1384 1240 1465 (ann.
1289 1384 1462 1466 123).
1509 1419 1597 1433 --
1635 1372 1757 1445 De
1772 1386 1958 1447 rebus
1994 1394 2139 1469 post
2179 1384 2333 1498 illud
2375 1384 2676 1465 proelium
2716 1382 2839 1443 hoc
2884 1380 3057 1441 bellu

469 1504 656 1589 gestis
700 1502 1020 1575 Chiorum,
1067 1521 1262 1582 pauca
1303 1501 1441 1563 haec
1483 1502 1702 1561 tradita
1748 1510 2083 1566 sunt..

737 1619 990 1701 Olymp.
1035 1618 1248 1692 XCII,
1302 1621 1345 1681 4
1405 1620 1490 1701 (a.
1550 1620 1763 1680 cmx
1804 1644 1860 1682 a.
1912 1616 2063 1681 Chr.
2102 1621 2197 1703 ιι.)
2260 1564 2703 1681 Lacedaemonii
2744 1616 3057 1697 Cratesip-

465 1740 672 1822 pidam
733 1736 1100 1797 nauarchum
1155 1737 1334 1797 sociis
1403 1737 1726 1798 subvenire
1777 1736 2114 1817 jusserunt.
2212 1738 2277 1799 Is
2323 1737 2491 1799 nulla
2546 1758 2615 1798 re
2674 1716 3053 1797 memorabili

469 1864 640 1940 gesta
699 1853 1065 1937 aliquamdiu
1108 1854 1183 1913 ad
1226 1855 1471 1915 Joniam
1532 1862 1800 1915 moratus
1820 1900 1842 1929 ,
1918 1876 2107 1937 quum
2162 1878 2199 1916 a
2241 1855 2411 1917 Chiis
2460 1855 2817 1937 quibusdam
2861 1852 3052 1933 patria

469 1972 740 2055 expulsis
786 1971 1104 2053 pecuniam
1145 1973 1451 2054 cepisset,
1497 1972 1639 2032 illos
1680 1973 1963 2045 reduxit,
2024 1980 2088 2033 et
2132 1994 2271 2033 arce
2320 1972 2613 2044 Chiorum
2655 1972 2888 2053 potitus
2936 1976 3053 2031 est.

431 2078 436 2081 ¹
471 2092 812 2173 optimates
859 2088 1000 2149 illos
1045 2089 1229 2151 Chios
1271 2090 1483 2164 fuisse,
1516 2084 1645 2171 jam
1685 2090 1827 2151 inde
1874 2090 2262 2173 perspicuum
2304 2096 2441 2165 est,'
2484 2090 2647 2173 quod
2690 2112 2727 2150 a
2770 2089 3049 2151 Lacedae·

467 2208 686 2273 moniis
742 2208 806 2267 in
851 2208 1107 2288 patriam
1147 2207 1408 2267 restituti
1447 2215 1610 2269 sunt.
1700 2207 2043 2269 Verisimile
2088 2215 2225 2283 est,
2294 2208 2652 2291 popularem
2700 2207 3051 2277 factionem,

469 2348 602 2421 quae
643 2327 709 2387 in
753 2325 910 2387 Chio
950 2346 1254 2407 nunquam
1294 2344 1548 2408 prorsus
1599 2325 1871 2407 quievit,
1932 2306 2075 2423 post
2131 2327 2432 2409 proelium
2474 2328 2551 2387 ad
2600 2327 2845 2387 Sestum
2888 2345 3055 2384 com-

465 2447 713 2515 missum
765 2442 1245 2504 adversariorum
1287 2443 1515 2506 viribus
1558 2444 1764 2504 fractis
1808 2444 2105 2517 evicisse,
2178 2452 2248 2504 ut
2286 2444 2429 2505 illos
2474 2442 2743 2524 ejiceret.
2834 2442 3047 2527 Itaque

468 2565 787 2646 optimates
857 2561 951 2621 illi
1025 2584 1062 2621 a
1125 2561 1550 2644 Cratesippida
1612 2561 1915 2635 restituti,
1986 2560 2365 2623 adversarios
2425 2581 2680 2622 numero
2745 2526 2873 2621 fere
2935 2557 3051 2620 DC

467 2680 873 2764 expulerunt3
943 2679 1048 2762 qui
1107 2702 1291 2762 quum
1332 2678 1670 2741 Atarneum
1727 2681 1952 2760 optimc
2012 2687 2225 2742 natura
2288 2668 2582 2742 munitum
2626 2683 3049 2761 occupassent,

467 2799 846 2862 adversarios
874 2796 1094 2858 Chium
1114 2805 1390 2858 tenentes
1414 2797 1582 2858 hello
1607 2797 1825 2857 deinde
1850 2798 2244 2880 lacessebant.
2276 2799 2389 2880 1²⁶)
2478 2798 2689 2881 (Diod.
2715 2798 2839 2858 Sic.
2860 2795 3047 2865 XIII,

442 2918 602 3000 65).
689 2915 1030 2977 Atarneum
1072 2915 1166 2975 illi
1195 2922 1561 2987 tenuerunt,
1630 2915 1826 2976 donec
1867 2916 2226 2998 Dercylidas
2265 2916 2426 2977 Laco
2473 2917 2614 2976 inde
2656 2937 2757 2976 eos
2808 2913 3051 2994 depulit

470 3037 553 3120 (a.
584 3032 933 3116 -CGGIIC,
1007 3054 1065 3092 a.
1117 3031 1266 3093 Chr.
1317 3029 1441 3116 n.).
1531 3033 1658 3108 Qui
1720 3053 1902 3115 quum
1953 3033 2141 3118 Chiols
2198 3034 2339 3094 illos
2393 3034 2636 3095 Jouiam
2677 3029 3048 3114 populantes

466 3155 693 3216 victum
737 3169 1007 3234 quaerere
1058 3157 1121 3210 et
1161 3149 1488 3231 plurimum
1531 3149 1655 3210 illis
1719 3151 2082 3210 frumentum
2140 3151 2251 3212 illo
2310 3152 2493 3213 modo
2536 3151 2747 3214 adesse
2784 3147 3054 3228 animad-

466 3245 780 3344 verteret,
846 3268 1061 3329 urbem
1105 3267 1264 3328 hene
1313 3247 1600 3329 munitam
1647 3267 1960 3329 obsidione
2008 3268 2269 3330 clausam
2310 3277 2455 3352 post
2498 3277 2660 3358 octo·
2690 3287 2927 3330 menses
2968 3264 3053 3356 ad

611 3579 714 3646 ¹²4)
785 3577 876 3631 cf.
909 3579 1108 3648 Poppo
1147 3583 1338 3632 annot.
1375 3575 1498 3635 crit.
1533 3579 1604 3632 ad
1644 3579 1758 3633 Th.
1795 3581 1946 3647 vm,
1983 3579 2071 3636 63.

609 3673 710 3740 1²⁵)
783 3670 976 3723 Schol.
1013 3671 1198 3724 Thuc.
1256 3665 1452 3746 ἀρχαῖα
1500 3673 1819 3741 νομίσματα
1855 3668 2109 3748 ἐπιχώρια
2145 3673 2322 3728 fuisse
2359 3673 2619 3746 explicat.
2710 3673 2800 3727 cf.
2845 3671 3052 3726 Duker

467 3767 540 3821 nd
574 3765 634 3818 h.
671 3765 712 3819 l.
753 3761 1124 3832 Thucydidis.
1193 3763 1257 3816 In
1296 3780 1358 3814 re
1401 3764 1641 3816 obscura
1674 3765 1915 3818 fortasse
1970 3765 2165 3821 licebit
2218 3767 2531 3835 conjicere,
2593 3765 2759 3818 illum
2802 3783 3051 3820 numum

464 3857 641 3912 fuisse
677 3853 1167 3924 quadragesimam
1205 3862 1424 3922 partem
1462 3855 1643 3920 minae,
1694 3857 1813 3911 sive
1850 3857 1918 3927 2}
1968 3860 2269 3913 drachmas
2304 3859 2475 3912 Attio.
2516 3857 2773 3912 valuisse.

611 3948 712 4014 ¹²⁶)
781 3946 1047 4014 Xenoph.
1102 3946 1260 4002 Heu,
1297 3947 1341 4000 1.
1382 3953 1425 4000 1.
1467 3947 1537 4000 32
1594 3947 2041 4021 Cratesippidam
2080 3931 2384 4023 imperium
2420 3951 2491 4004 ad
2531 3950 2735 4003 Chium
2768 3947 3049 4000 collecta-

463 4057 597 4095 rum
633 4037 862 4092 navium
908 4037 1190 4089 sociarum
1227 4037 1537 4114 accepisse,
1597 4049 1821 4095 tantum
1856 4042 2105 4095 tradidit.
2144 4071 2214 4083 -
2266 4046 2397 4096 Huc
2434 4045 2679 4096 fortasse
2714 4041 3055 4095 referendus

467 4139 552 4188 est
594 4134 751 4185 locus
807 4127 1126 4182 Aristotelis
1169 4129 1340 4182 Polit.
1383 4133 1449 4193 V,
1501 4131 1570 4196 3,
1638 4133 1743 4196 11,
1793 4129 2059 4186 Schneid.
2096 4151 2155 4204 p.
2193 4133 2327 4187 192:
2402 4140 2495 4188 καὶ
2540 4130 2874 4190 Ἀντισσαῖοι
2922 4129 3052 4188 τοῦς

464 4229 625 4282 ,Χίων
657 4216 894 4294 φυγάδας
930 4220 1286 4293 εἶςδεξὰμενοι
1341 4219 1431 4278 Bao?
1477 4221 1651 4294 μάχης
1698 4223 1967 4296 ἐξέβαλον.
2038 4225 2099 4278 Si
2140 4226 2400 4289 Antissa,
2459 4227 2516 4278 id
2570 4226 2716 4294 quod
2746 4224 3056 4292 ,verisimi-

423 4309 430 4316 ’
464 4317 604 4372 mile
655 4321 739 4368 est
775 4315 876 4382 (cf.
929 4317 1146 4378 Plehn‚
1189 4316 1355 4371 Lesb.
1390 4334 1443 4385 p.
1480 4317 1549 4384 71
1581 4316 1759 4385 seq.)‚
1805 4318 1909 4370 illo
1948 4323 2202 4386 tempore
2234 4317 2292 4370 in
2330 4317 2552 4372 dicione
2586 4317 2701 4372 fuit
2732 4311 3054 4370 Athenien-

463 4409 629 4473 sium,
679 4405 803 4460 fieri
853 4413 1005 4461 certe
1059 4408 1260 4478 potuit,
1312 4417 1376 4462 ut
1410 4398 1656 4462 sexcenti
1690 4407 1781 4460 illi
1832 4407 2095 4462 factionis
2148 4407 2472 4480 popularis,
2534 4426 2708 4481 quum
2758 4410 3052 4465 Antissam

465 4499 883 4571 confugissent,
945 4499 1130 4570 primo
1176 4503 1250 4555 ab
1307 4499 1590 4554 Antissaeis
1636 4497 1693 4552 in
1734 4499 2020 4554 civitatem
2053 4499 2469 4571 reciperentur,
2529 4503 2731 4556 deinde
2766 4499 3049 4556 seditione

465 4598 595 4646 orta
635 4592 799 4658 ejecti
834 4594 1143 4647 Atarncum
1167 4609 1198 4644 e
1234 4592 1469 4664 regione
1507 4591 1673 4648 Lesbi
1700 4593 1987 4698 ,iacentem
2020 4601 2381 4707 occuparent.
2457 4593 2553 4650 Sic
2586 4594 2711 4650 fere
2742 4595 3049 4650 semmei·

465 4685 624 4740 Vers.
663 4685 856 4742 Germ.
892 4685 1063 4744 Arist.
1097 4685 1139 4746 Ι.
1179 4686 1219 4742 Ι.
1257 4703 1314 4757 p.
1351 4683 1475 4739 15⁰.
