3225 5400
1343 330 1511 416 κ49

169 533 542 600 deditionem
604 530 900 613 compulit
983 493 1414 614 (Xenophont.
1481 531 1658 593 IIell.
1703 530 1827 605 111,
1869 533 1939 606 2,
1986 531 2027 616 ξ
2070 531 2209 619 11).
2284 543 2291 550 ’
2328 536 2403 598 In
2442 497 2747 622 Cratesip·
2812 617 2823 625 x

169 655 329 736 pidae
373 651 596 712 'locum
637 645 951 733 Lysander
1012 651 1346 711 nauarchus
1410 649 1725 728 suecessit.
1812 649 1933 710 Illo
1993 652 2296 714 nauarcho
2347 655 2427 736 (a.
2483 656 2748 729 CDVII,

169 793 228 831 a.
306 769 460 832 Chr.
550 766 648 848 u.)
720 766 1188 828 Atheniensibus
1266 767 1663 847 Delphinium
1732 767 1975 828 tandem
2058 778 2331 852 ereptum
2412 793 2545 832 esse
2626 794 2752 834 non

149 888 364 949 ‘multo
419 891 562 968 post
604 884 904 967 proelium
947 885 1024 944 ad
1064 883 1315 948 Notium
1360 892 1729 966 pugnatum,
1797 894 2009 946 auctor
2052 893 2145 946 est
2185 873 2649 972 Xenophonss.
2699 891 2749 951 l.

16 973 19 1040 ἶ
127 1005 158 1028 r
174 1006 231 1079 1,
275 1005 356 1086 a,
413 1004 545 1085 15).
642 1003 954 1064 Diodorus
1018 1010 1218 1062 autem
1277 1002 1519 1063 siculus
1562 984 1810 1084 (xm,
1878 1005 1986 1085 ⁹76)
2042 1026 2173 1065 rem
2216 1005 2293 1064 aa
2350 1005 2791 1068 callicratiam-

156 1122 494 1205 -imperium
547 1121 798 1197 relatam
843 1120 926 1180 ita
989 1119 1305 1200 exposuit:
1407 1142 1590 1202 quum
1636 1119 2053 1181 Callicratidas
2096 1123 2495 1184 Athenienses
2518 1167 2537 1196 ,
2604 1124 2756 1186 Del-

177 1241 449 1323 phinium
506 1237 704 1300 adhuc
781 1245 1098 1310 tenentes,
1201 1237 1514 1297 obsidione
1575 1237 1858 1298 claudere
1908 1230 2255 1320 coepisset,
2348 1229 2758 1302 Athenienses

176 1379 427 1418 numero
485 1357 614 1417 fere
688 1354 1001 1437 quingenti
1069 1355 1536 1436 magnitudinem
1611 1355 1830 1416 virium
1882 1356 2174 1418 hostium*
2215 1359 2495 1419 timentes
2576 1323 2767 1442 spon-

173 1477 350 1540 sione,
406 1475 564 1534 facta
619 1471 1012 1552 Delphinium
1093 1471 1512 1552 reliquerunt3
1602 1471 2023 1534 Callicratidas
2090 1476 2457 1536 munimenta
2546 1478 2753 1540 diruit.

173 1593 350 1654 Idem
382 1591 692 1652 Diodorus
733 1589 942 1671 (XIII,
987 1589 1124 1670 ¹70),
1167 1577 1541 1670 Lysandrum
1587 1610 1722 1649 cum
1759 1611 1793 1648 a
1830 1592 2047 1651 ceteris
2091 1593 2341 1654 urbibus
2385 1593 2590 1668 sociis,
2632 1602 2762 1658 tum

175 1733 212 1770 a
241 1709 413 1772 Chiis
455 1727 639 1769 naves
681 1707 1010 1787 accepisse,
1056 1705 1282 1782 tradit3
1329 1713 1538 1767 contra
1577 1706 1929 1787 Xenophon
1972 1710 2063 1792 (1,
2106 1712 2173 1782 6,
2214 1711 2311 1792 3),
2356 1711 2763 1774 Callicratidan

175 1833 403 1910 praeter
439 1846 626 1888 naves
674 1847 710 1884 a
753 1823 1067 1906 Lysandro
1122 1823 1372 1884 traditas
1430 1825 1608 1885 ctiam
1668 1845 1703 1884 a
1759 1824 1929 1886 Chiis
1953 1869 1975 1898 ,
2034 1825 2333 1902 Rhodiis,
2403 1829 2535 1890 aliis
2584 1831 2777 1892 sociis*

177 1947 230 2010 L
278 1965 463 2008 naves
510 1950 765 2004 armatas
817 1960 951 2001 esse
973 1984 994 2014 ,
1055 1948 1276 2001 auctor
1321 1949 1458 2013 est3
1536 1940 1665 2021 jam
1713 1962 2006 2023 apparere
2042 1950 2230 2024 puto,
2287 1946 2629 2009 Diodorum
2664 1967 2767 2010 res

178 2063 480 2148 Lysandri
525 2068 589 2121 et
629 2045 1036 2122 Callicratidae
1079 2056 1258 2117 solita
1302 2058 1666 2138 negligentia
1707 2066 2127 2121 commutasse.

450 2179 680 2241 Postea
717 2174 1138 2237 Callicratidas
1161 2217 1182 2247 ,
1237 2196 1274 2234 a
1325 2173 1494 2234 Chiis
1541 2183 1789 2256 accepta
1833 2178 2088 2258 pecunia
2108 2220 2159 2252 ,‚
2198 2179 2409 2262 quinas
2450 2177 2767 2242 drachmas

173 2263 380 2360 'nautis
429 2295 735 2357 distribuit
785 2291 1097 2375 (xenoph.
1151 2293 1215 2363 1,
1245 2293 1334 2364 ,6,
1383 2290 1514 2372 12).

287 2487 296 2502 1
451 2411 703 2504 ΡιοεΙίο
763 2411 842 2470 ad
896 2385 1228 2490 Arginusas
1271 2381 1691 2489 superatorum
1735 2409 2327 2473 Lacedaemoniorum
2382 2412 2486 2472 alii
2520 2412 2769 2488 Chium,

187 2531 289 2594 alii
332 2530 654 2592 Phocaeam
700 2526 822 2608 (vel
871 2525 1126 2618 Cymen)
1187 2523 1524 2607 effugerunt
1587 2526 1902 2608 (Xenoph.
1952 2526 2001 2587 l.
2052 2527 2101 2587 l.
2148 2529 2205 2601 I,
2249 2531 2318 2601 6,
2363 2530 2449 2592 34
2468 2551 2490 2602 3
2574 2531 2765 2592 Diod.

187 2649 319 2710 Sic.
364 2645 553 2719 XIII,
595 2647 704 2719 99,
757 2644 970 2728 extr.).
1036 2643 1394 2718 Eteonicus,
1439 2644 1563 2705 dux
1604 2644 2222 2719 Lacedaemoniorum,
2269 2645 2373 2730 qni
2416 2652 2546 2707 tum
2586 2647 2774 2729 Myti-

186 2765 385 2827 lenen,
416 2762 934 2833 circumsedebat,
1001 2760 1118 2823 hac
1161 2761 1333 2822 clade
1379 2771 1729 2845 comperta,
1782 2758 1857 2823 'et
1894 2764 2163 2845 navigia,
2228 2765 2447 2846 quibus
2492 2785 2593 2826 res
2631 2785 2771 2825 suas

189 2882 619 2965 imposuisset,
673 2886 737 2940 ct
779 2880 1056 2941 triremes
1104 2878 1324 2939 Chium
1369 2881 1536 2941 abire
1570 2881 1795 2963 jussit,
1838 2882 1970 2963 ipse
2016 2882 2152 2941 cnm
2181 2882 2461 2961 ,pedestri
2499 2883 2774 2943 exercitu
2850 2964 2853 2971 Ι
2892 2894 2899 2900 ’

188 2990 603 3083 Methymnam
646 2997 924 3058 discessit
971 2996 1286 3080 (Xenoph.
1340 2998 1517 3059 Hell.
1568 3003 1636 3073 1,
1684 3003 1753 3074 6,
1800 3000 1922 3073 383
1967 2998 2229 3089 Polyaen·
2263 3001 2341 3072 1,
2387 3000 2514 3072 443
2576 2997 2767 3060 Diod.

189 3121 320 3182 Sic.
366 3117 530 3179 XIII
550 3160 572 3191 ,
647 3116 825 3199 loo).
920 3115 1153 3179 Milites
1209 3122 1408 3176 autem
1449 3116 1927 3191 Lacedaemonii,
2003 3117 2107 3199 qui
2144 3116 2443 3177 Eteonico
2510 3115 2665 3176 duce
2712 3116 2776 3177 in
2824 3120 2837 3125 ’

189 3236 351 3307 Chio
415 3241 585 3295 erant
640 3233 906 3316 (quando
971 3234 1104 3316 ipse
1172 3255 1307 3295 eum
1373 3235 1590 3295 ceteris
1651 3236 1843 3318 copiis
1908 3234 2181 3306 venerit,
2271 3254 2393 3293 non
2461 3232 2773 3315 traditur),

188 3351 476 3437 quamdiu
523 3342 670 3413 erat¹
695 3360 894 3423 aestaS,
942 3352 1118 3412 facile
1166 3352 1349 3413 vitam
1393 3354 1831 3425 sustentabant,
1881 3374 2067 3437 quum
2110 3349 2446 3433 praesertim
2490 3350 2799 3412 mercede'

189 3470 475 3556 conducti
522 3452 712 3551 opera
746 3470 1038 3531 facerent.
1127 3468 1254 3529 Sed
1300 3477 1621 3553 postquam
1659 3470 1851 3531 hiems
1904 3490 2039 3530 esse
2082 3468 2309 3551 coepit,
2356 3490 2541 3550 quum
2576 3488 2777 3552 neque

189 3590 422 3651 victum
483 3587 782 3649 haberent
843 3594 906 3647 et
961 3586 1238 3648 omnibus
1301 3587 1484 3647 rebus
1544 3588 1758 3669 inopes
1822 3594 2065 3660 essent,
2144 3585 2557 3667 conjuratione
2619 3586 2777 3647 facta

191 3708 336 3771 Chii
400 3706 764 3787 occupandae
831 3706 1146 3766 consilium
1211 3704 1496 3766 inierunt.
1609 3704 2070 3765 Constituerunt
2102 3704 2339 3801 igitur?
2369 3688 2376 3697 ’
2406 3709 2476 3765 ut
2536 3682 2773 3778 ornnes,

16 3800 19 3891 ζ
114 3837 128 3853 χ
193 3826 418 3910 quibus
462 3823 572 3884 illa
609 3823 946 3905 placerent,
991 3822 1252 3883 calamos
1298 3822 1468 3904 qnasi
1508 3828 1797 3881 tesseram
1840 3822 2148 3903 quandam
2172 3826 2501 3901 gestarent.
2589 3816 2779 3897 Quod

195 3966 382 4028 quum
427 3940 758 4003 Eteonicus'
805 3941 1213 4022 cognovisset,
1275 3947 1532 4022 propter
1571 3938 2021 4001 ‘multitudinem
2066 3959 2301 4010 eorum,
2364 3938 2470 4020 qui
2516 3936 2779 3998 calamos

95 4087 138 4159 s
197 4062 525 4143 gerebant,
579 4058 796 4119 dubius
839 4059 1054 4131 haesit,
1101 4057 1247 4140 quid
1288 4057 1514 4118 faceret
1531 4078 1555 4131 3.
1628 4078 1767 4117 nam
1811 4064 1875 4116 et
1915 4054 2325 4138 periculosum
2368 4055 2426 4114 ei
2460 4054 2779 4117 videbatur

201 4185 415 4258 aperte
455 4197 560 4238 eos
607 4177 858 4248 adoriri,
903 4184 966 4237 et
1009 4176 1276 4276 foedupi,
1321 4175 1518 4236 socios
1557 4173 1756 4254 deripi
1800 4180 1861 4233 et
1900 4173 2118 4255 perdi3
2183 4170 2362 4231 simul
2404 4192 2479 4230 ne
2524 4172 2603 4231 ob
2646 4194 2777 4234 eam
2876 4206 2937 4214 w

201 4314 334 4356 rem
396 4293 565 4374 apud·
624 4301 862 4355 eeteros
927 4294 1126 4355 socios
1191 4294 1413 4354 invidia
1471 4296 1890 4373 premeretur,
1958 4310 2112 4351 neve
2162 4288 2383 4348 milites
2442 4289 2557 4351 sibi
2615 4290 2779 4351 dicto

200 4410 511 4472 audientes
554 4429 677 4469 non
723 4418 968 4484 essent,
1038 4412 1385 4473 verebatur.
1471 4383 1686 4493 Itaque
1732 4409 1853 4469 hoc
1898 4407 2079 4468 modo
2124 4427 2253 4467 rem
2288 4427 2607 4487 aggressus
2656 4414 2773 4467 cst.

204 4527 566 4606 Quindecim
612 4527 852 4614 armatis
897 4530 1212 4589 comitibus
1259 4549 1372 4610 per
1409 4528 1625 4588 urbem
1666 4526 2009 4609 ingrediens
2031 4567 2053 4598 ‚
2146 4546 2331 4607 quum
2373 4524 2437 4583 in
2480 4524 2779 4605 quendam

204 4646 508 4715 hominem
525 4689 548 4720 ,
618 4645 723 4728 qui
764 4643 1056 4707 calamum
1100 4647 1348 4726 gerebat
1369 4690 1390 4721 ,
1448 4646 1825 4719 incidisset,
1870 4665 2008 4705 eum
2047 4627 2375 4720 interfecit.
2463 4638 2779 4702 Concursu

208 4762 369 4825 facto
387 4806 410 4839 ‚
495 4763 856 4848 quibusdam
918 4763 1463 4849 interrogantibus,
1543 4783 1726 4847 quam
1783 4761 1863 4823 ob
1907 4744 2147 4824 eausam
2196 4757 2379 4819 homo
2424 4758 2779 4821 interfectus

2091 4894 2130 4951 4
