<?xml version="1.0" encoding="UTF-8"?>
<!DOCTYPE html PUBLIC "-//W3C//DTD XHTML 1.0 Transitional//EN"
    "http://www.w3.org/TR/xhtml1/DTD/xhtml1-transitional.dtd">
<html xmlns="http://www.w3.org/1999/xhtml" xml:lang="en" lang="en">
 <head>
  <title>
</title>
<meta http-equiv="Content-Type" content="text/html;charset=utf-8" />
  <meta name='ocr-system' content='tesseract 3.04.00' />
  <meta name='ocr-capabilities' content='ocr_page ocr_carea ocr_par ocr_line ocrx_word'/>
</head>
<body>
  <div class='ocr_page' id='page_1' title='image "./derebuschiorump00whitgoog_0074.png"; bbox 0 0 3225 5400; ppageno 0'>
   <div class='ocr_carea' id='block_1_1' title="bbox 1716 295 1909 389">
    <p class='ocr_par' dir='ltr' id='par_1_1' title="bbox 1716 295 1909 389">
     <span class='ocr_line' id='line_1_1' title="bbox 1716 295 1909 389; baseline -0.005 0"><span class='ocrx_word' id='word_1_1' title='bbox 1716 295 1909 389; x_wconf 63' lang='grc' dir='ltr'><strong>Μ’</strong></span> 
     </span>
    </p>
   </div>
   <div class='ocr_carea' id='block_1_2' title="bbox 474 481 3087 2842">
    <p class='ocr_par' dir='ltr' id='par_1_2' title="bbox 474 481 3083 2015">
     <span class='ocr_line' id='line_1_2' title="bbox 727 481 3073 598; baseline -0.003 -16"><span class='ocrx_word' id='word_1_2' title='bbox 727 505 888 582; x_wconf 80' lang='lat' dir='ltr'><strong>&#39;Tali</strong></span> <span class='ocrx_word' id='word_1_3' title='bbox 923 516 1108 580; x_wconf 87' lang='lat' dir='ltr'><strong>modo</strong></span> <span class='ocrx_word' id='word_1_4' title='bbox 1150 515 1384 582; x_wconf 72' lang='lat' dir='ltr'><strong>Chares</strong></span> <span class='ocrx_word' id='word_1_5' title='bbox 1430 481 1727 584; x_wconf 78' lang='lat' dir='ltr'><strong>summum</strong></span> <span class='ocrx_word' id='word_1_6' title='bbox 1768 515 2087 597; x_wconf 85' lang='lat' dir='ltr'><strong>imperium</strong></span> <span class='ocrx_word' id='word_1_7' title='bbox 2132 513 2299 576; x_wconf 88' lang='lat' dir='ltr'><strong>solus</strong></span> <span class='ocrx_word' id='word_1_8' title='bbox 2343 523 2555 576; x_wconf 84' lang='lat' dir='ltr'><strong>nactus</strong></span> <span class='ocrx_word' id='word_1_9' title='bbox 2574 558 2598 589; x_wconf 88' lang='lat'><strong>,</strong></span> <span class='ocrx_word' id='word_1_10' title='bbox 2647 535 2832 598; x_wconf 80' lang='lat' dir='ltr'><strong>quum</strong></span> <span class='ocrx_word' id='word_1_11' title='bbox 2874 514 3073 577; x_wconf 84' lang='lat' dir='ltr'><strong>Athe-</strong></span> 
     </span>
     <span class='ocr_line' id='line_1_3' title="bbox 483 634 3063 718; baseline -0.002 -19"><span class='ocrx_word' id='word_1_12' title='bbox 483 640 724 699; x_wconf 85' lang='lat' dir='ltr'><strong>nienses</strong></span> <span class='ocrx_word' id='word_1_13' title='bbox 785 636 1124 716; x_wconf 72' lang='lat' dir='ltr'><strong>sumptibus</strong></span> <span class='ocrx_word' id='word_1_14' title='bbox 1167 637 1372 708; x_wconf 72' lang='lat' dir='ltr'><strong>levare</strong></span> <span class='ocrx_word' id='word_1_15' title='bbox 1429 636 1654 709; x_wconf 83' lang='lat' dir='ltr'><strong>vellet,</strong></span> <span class='ocrx_word' id='word_1_16' title='bbox 1723 656 1855 696; x_wconf 88' lang='lat' dir='ltr'><strong>rem</strong></span> <span class='ocrx_word' id='word_1_17' title='bbox 1914 653 2231 718; x_wconf 70' lang='lat' dir='ltr'>aggressus</span> <span class='ocrx_word' id='word_1_18' title='bbox 2279 641 2373 694; x_wconf 92' lang='lat' dir='ltr'><strong>est</strong></span> <span class='ocrx_word' id='word_1_19' title='bbox 2413 634 2818 704; x_wconf 80' lang='lat' dir='ltr'><strong>temerariam.</strong></span> <span class='ocrx_word' id='word_1_20' title='bbox 2904 635 3063 699; x_wconf 77' lang='lat' dir='ltr'><strong>Nam</strong></span> 
     </span>
     <span class='ocr_line' id='line_1_4' title="bbox 474 727 3063 841; baseline -0.001 -25"><span class='ocrx_word' id='word_1_21' title='bbox 474 779 680 841; x_wconf 75' lang='lat' dir='ltr'><strong>-qnum</strong></span> <span class='ocrx_word' id='word_1_22' title='bbox 719 752 1060 820; x_wconf 71' lang='lat' dir='ltr'><strong>Artabazus</strong></span> <span class='ocrx_word' id='word_1_23' title='bbox 1101 778 1137 816; x_wconf 87' lang='lat' dir='ltr'><strong>a</strong></span> <span class='ocrx_word' id='word_1_24' title='bbox 1177 777 1324 837; x_wconf 74' lang='lat' dir='ltr'><strong>rege</strong></span> <span class='ocrx_word' id='word_1_25' title='bbox 1359 755 1741 828; x_wconf 80' lang='lat' dir='ltr'><strong>descivisset,</strong></span> <span class='ocrx_word' id='word_1_26' title='bbox 1781 727 2015 816; x_wconf 69' lang='lat' dir='ltr'><strong>Chares</strong></span> <span class='ocrx_word' id='word_1_27' title='bbox 2056 751 2305 814; x_wconf 83' lang='lat' dir='ltr'><strong>foedere</strong></span> <span class='ocrx_word' id='word_1_28' title='bbox 2341 753 2503 813; x_wconf 85' lang='lat' dir='ltr'><strong>facto</strong></span> <span class='ocrx_word' id='word_1_29' title='bbox 2541 773 2677 812; x_wconf 87' lang='lat' dir='ltr'><strong>eum</strong></span> <span class='ocrx_word' id='word_1_30' title='bbox 2716 752 2827 814; x_wconf 86' lang='lat' dir='ltr'><strong>illo</strong></span> <span class='ocrx_word' id='word_1_31' title='bbox 2872 754 3063 833; x_wconf 76' lang='lat' dir='ltr'><strong>regias</strong></span> 
     </span>
     <span class='ocr_line' id='line_1_5' title="bbox 479 871 3067 957; baseline -0.002 -21"><span class='ocrx_word' id='word_1_32' title='bbox 479 875 695 957; x_wconf 80' lang='lat' dir='ltr'><strong>copias</strong></span> <span class='ocrx_word' id='word_1_33' title='bbox 739 875 935 948; x_wconf 81' lang='lat' dir='ltr'><strong>fudit,</strong></span> <span class='ocrx_word' id='word_1_34' title='bbox 1003 881 1066 934; x_wconf 88' lang='lat' dir='ltr'><strong>et</strong></span> <span class='ocrx_word' id='word_1_35' title='bbox 1109 873 1410 936; x_wconf 79' lang='lat' dir='ltr'><strong>mercedis</strong></span> <span class='ocrx_word' id='word_1_36' title='bbox 1469 873 1610 934; x_wconf 88' lang='lat' dir='ltr'><strong>loeo</strong></span> <span class='ocrx_word' id='word_1_37' title='bbox 1659 880 1885 934; x_wconf 87' lang='lat' dir='ltr'><strong>tantam</strong></span> <span class='ocrx_word' id='word_1_38' title='bbox 1926 872 2241 954; x_wconf 78' lang='lat' dir='ltr'><strong>pecuniam</strong></span> <span class='ocrx_word' id='word_1_39' title='bbox 2282 871 2519 952; x_wconf 80' lang='lat' dir='ltr'><strong>accepit</strong></span> <span class='ocrx_word' id='word_1_40' title='bbox 2541 913 2563 942; x_wconf 90' lang='lat'><strong>,</strong></span> <span class='ocrx_word' id='word_1_41' title='bbox 2634 889 2711 930; x_wconf 85' lang='lat' dir='ltr'><strong>ex</strong></span> <span class='ocrx_word' id='word_1_42' title='bbox 2755 891 2876 953; x_wconf 80' lang='lat' dir='ltr'><strong>qua</strong></span> <span class='ocrx_word' id='word_1_43' title='bbox 2916 892 3067 932; x_wconf 86' lang='lat' dir='ltr'><strong>sum-</strong></span> 
     </span>
     <span class='ocr_line' id='line_1_6' title="bbox 479 986 3069 1076; baseline -0.003 -21"><span class='ocrx_word' id='word_1_44' title='bbox 479 1001 632 1076; x_wconf 84' lang='lat' dir='ltr'><strong>-ptus</strong></span> <span class='ocrx_word' id='word_1_45' title='bbox 665 994 727 1054; x_wconf 90' lang='lat' dir='ltr'><strong>in</strong></span> <span class='ocrx_word' id='word_1_46' title='bbox 767 992 1064 1074; x_wconf 84' lang='lat' dir='ltr'><strong>stipendia</strong></span> <span class='ocrx_word' id='word_1_47' title='bbox 1099 992 1286 1052; x_wconf 86' lang='lat' dir='ltr'><strong>totius</strong></span> <span class='ocrx_word' id='word_1_48' title='bbox 1327 990 1630 1052; x_wconf 80' lang='lat' dir='ltr'><strong>exercitus</strong></span> <span class='ocrx_word' id='word_1_49' title='bbox 1668 991 1903 1071; x_wconf 77' lang='lat' dir='ltr'><strong>erogari</strong></span> <span class='ocrx_word' id='word_1_50' title='bbox 1939 997 2211 1073; x_wconf 80' lang='lat' dir='ltr'><strong>possent.</strong></span> <span class='ocrx_word' id='word_1_51' title='bbox 2302 988 2489 1066; x_wconf 78' lang='lat' dir='ltr'><strong>Quod</strong></span> <span class='ocrx_word' id='word_1_52' title='bbox 2530 986 2809 1050; x_wconf 81' lang='lat' dir='ltr'><strong>Charetis</strong></span> <span class='ocrx_word' id='word_1_53' title='bbox 2848 989 3069 1060; x_wconf 76' lang='lat' dir='ltr'><strong>factum</strong></span> 
     </span>
     <span class='ocr_line' id='line_1_7' title="bbox 490 1106 3073 1195; baseline -0.003 -22"><span class='ocrx_word' id='word_1_54' title='bbox 490 1112 686 1195; x_wconf 88' lang='lat' dir='ltr'><strong>primo</strong></span> <span class='ocrx_word' id='word_1_55' title='bbox 731 1110 976 1192; x_wconf 86' lang='lat' dir='ltr'><strong>quidem</strong></span> <span class='ocrx_word' id='word_1_56' title='bbox 1019 1106 1428 1169; x_wconf 82' lang='lat' dir='ltr'><strong>Athenienses</strong></span> <span class='ocrx_word' id='word_1_57' title='bbox 1469 1108 2056 1190; x_wconf 82' lang='lat' dir='ltr'><strong>comprobaverunt3</strong></span> <span class='ocrx_word' id='word_1_58' title='bbox 2139 1107 2256 1175; x_wconf 68' lang='lat' dir='ltr'><strong>sed,</strong></span> <span class='ocrx_word' id='word_1_59' title='bbox 2289 1126 2432 1166; x_wconf 83' lang='lat' dir='ltr'><strong>mox</strong></span> <span class='ocrx_word' id='word_1_60' title='bbox 2480 1127 2664 1188; x_wconf 86' lang='lat' dir='ltr'><strong>quum</strong></span> <span class='ocrx_word' id='word_1_61' title='bbox 2704 1127 2819 1168; x_wconf 82' lang='lat' dir='ltr'><strong>rex</strong></span> <span class='ocrx_word' id='word_1_62' title='bbox 2860 1106 3073 1188; x_wconf 75' lang='lat' dir='ltr'><strong>legatis</strong></span> 
     </span>
     <span class='ocr_line' id='line_1_8' title="bbox 476 1225 3066 1299; baseline -0.001 -9"><span class='ocrx_word' id='word_1_63' title='bbox 476 1229 689 1290; x_wconf 74' lang='lat' dir='ltr'><strong>missis</strong></span> <span class='ocrx_word' id='word_1_64' title='bbox 734 1227 1060 1290; x_wconf 75' lang='lat' dir='ltr'><strong>Charetem</strong></span> <span class='ocrx_word' id='word_1_65' title='bbox 1114 1233 1494 1299; x_wconf 83' lang='lat' dir='ltr'><strong>accusasset,</strong></span> <span class='ocrx_word' id='word_1_66' title='bbox 1567 1227 1927 1288; x_wconf 85' lang='lat' dir='ltr'><strong>sententiam</strong></span> <span class='ocrx_word' id='word_1_67' title='bbox 1970 1231 2373 1288; x_wconf 85' lang='lat' dir='ltr'><strong>mutaverunt.</strong></span> <span class='ocrx_word' id='word_1_68' title='bbox 2492 1225 2647 1286; x_wconf 82' lang='lat' dir='ltr'><strong>Erat</strong></span> <span class='ocrx_word' id='word_1_69' title='bbox 2690 1225 2849 1286; x_wconf 86' lang='lat' dir='ltr'><strong>enim</strong></span> <span class='ocrx_word' id='word_1_70' title='bbox 2890 1226 3066 1297; x_wconf 72' lang='lat' dir='ltr'><strong>fama,</strong></span> 
     </span>
     <span class='ocr_line' id='line_1_9' title="bbox 492 1342 3079 1429; baseline -0.001 -23"><span class='ocrx_word' id='word_1_71' title='bbox 492 1368 700 1429; x_wconf 76' lang='lat' dir='ltr'><strong>regem</strong></span> <span class='ocrx_word' id='word_1_72' title='bbox 755 1345 1033 1406; x_wconf 78' lang='lat' dir='ltr'><strong>hostibus</strong></span> <span class='ocrx_word' id='word_1_73' title='bbox 1094 1342 1557 1405; x_wconf 78' lang='lat' dir='ltr'><strong>Atheniensium</strong></span> <span class='ocrx_word' id='word_1_74' title='bbox 1618 1351 1919 1405; x_wconf 84' lang='lat' dir='ltr'><strong>trecentas</strong></span> <span class='ocrx_word' id='word_1_75' title='bbox 1980 1363 2161 1410; x_wconf 84' lang='lat' dir='ltr'><strong>naves</strong></span> <span class='ocrx_word' id='word_1_76' title='bbox 2220 1349 2431 1406; x_wconf 81' lang='lat' dir='ltr'><strong>contra</strong></span> <span class='ocrx_word' id='word_1_77' title='bbox 2504 1343 2671 1424; x_wconf 88' lang='lat' dir='ltr'><strong>ipsos</strong></span> <span class='ocrx_word' id='word_1_78' title='bbox 2738 1342 3079 1424; x_wconf 71' lang='lat' dir='ltr'><strong>pollicitum</strong></span> 
     </span>
     <span class='ocr_line' id='line_1_10' title="bbox 497 1461 3068 1547; baseline -0.002 -22"><span class='ocrx_word' id='word_1_79' title='bbox 497 1485 657 1527; x_wconf 78' lang='lat' dir='ltr'><strong>esse.</strong></span> <span class='ocrx_word' id='word_1_80' title='bbox 752 1463 896 1524; x_wconf 85' lang='lat' dir='ltr'><strong>Hoc</strong></span> <span class='ocrx_word' id='word_1_81' title='bbox 951 1470 1119 1524; x_wconf 89' lang='lat' dir='ltr'><strong>metu</strong></span> <span class='ocrx_word' id='word_1_82' title='bbox 1167 1462 1454 1523; x_wconf 84' lang='lat' dir='ltr'><strong>commoti</strong></span> <span class='ocrx_word' id='word_1_83' title='bbox 1511 1483 1724 1545; x_wconf 85' lang='lat' dir='ltr'><strong>pacem</strong></span> <span class='ocrx_word' id='word_1_84' title='bbox 1778 1483 1916 1524; x_wconf 87' lang='lat' dir='ltr'><strong>eum</strong></span> <span class='ocrx_word' id='word_1_85' title='bbox 1976 1463 2157 1522; x_wconf 87' lang='lat' dir='ltr'><strong>sociis</strong></span> <span class='ocrx_word' id='word_1_86' title='bbox 2204 1480 2569 1543; x_wconf 83' lang='lat' dir='ltr'><strong>componere</strong></span> <span class='ocrx_word' id='word_1_87' title='bbox 2608 1461 3068 1547; x_wconf 72' lang='lat' dir='ltr'><strong>constituerunt.</strong></span> 
     </span>
     <span class='ocr_line' id='line_1_11' title="bbox 495 1578 3071 1664; baseline -0.002 -20"><span class='ocrx_word' id='word_1_88' title='bbox 495 1581 555 1644; x_wconf 75' lang='lat' dir='ltr'>A</span> <span class='ocrx_word' id='word_1_89' title='bbox 591 1603 714 1664; x_wconf 83' lang='lat' dir='ltr'><strong>qua</strong></span> <span class='ocrx_word' id='word_1_90' title='bbox 769 1601 960 1663; x_wconf 75' lang='lat' dir='ltr'><strong>quum</strong></span> <span class='ocrx_word' id='word_1_91' title='bbox 1019 1600 1096 1640; x_wconf 89' lang='lat' dir='ltr'><strong>ne</strong></span> <span class='ocrx_word' id='word_1_92' title='bbox 1155 1579 1248 1642; x_wconf 88' lang='lat' dir='ltr'><strong>illi</strong></span> <span class='ocrx_word' id='word_1_93' title='bbox 1315 1580 1560 1662; x_wconf 84' lang='lat' dir='ltr'><strong>quidem</strong></span> <span class='ocrx_word' id='word_1_94' title='bbox 1607 1579 2006 1641; x_wconf 73' lang='lat' dir='ltr'><strong>abhorrerent</strong></span> <span class='ocrx_word' id='word_1_95' title='bbox 2024 1623 2049 1654; x_wconf 89' lang='lat'><strong>,</strong></span> <span class='ocrx_word' id='word_1_96' title='bbox 2116 1600 2237 1661; x_wconf 84' lang='lat' dir='ltr'><strong>pax</strong></span> <span class='ocrx_word' id='word_1_97' title='bbox 2290 1578 2468 1640; x_wconf 75' lang='lat' dir='ltr'><strong>facile</strong></span> <span class='ocrx_word' id='word_1_98' title='bbox 2536 1579 2821 1640; x_wconf 80' lang='lat' dir='ltr'><strong>convenit</strong></span> <span class='ocrx_word' id='word_1_99' title='bbox 2862 1578 3071 1660; x_wconf 74' lang='lat' dir='ltr'><strong>(Diod.</strong></span> 
     </span>
     <span class='ocr_line' id='line_1_12' title="bbox 497 1696 3076 1782; baseline -0.002 -22"><span class='ocrx_word' id='word_1_100' title='bbox 497 1699 628 1760; x_wconf 89' lang='lat' dir='ltr'><strong>Sic.</strong></span> <span class='ocrx_word' id='word_1_101' title='bbox 674 1697 872 1770; x_wconf 82' lang='lat' dir='ltr'><strong>XVI,</strong></span> <span class='ocrx_word' id='word_1_102' title='bbox 933 1698 1070 1782; x_wconf 89' lang='grc'><strong>22).</strong></span> <span class='ocrx_word' id='word_1_103' title='bbox 1167 1698 1336 1759; x_wconf 87' lang='lat' dir='ltr'><strong>Socii</strong></span> <span class='ocrx_word' id='word_1_104' title='bbox 1381 1698 1763 1772; x_wconf 78' lang='lat' dir='ltr'><strong>libertatem,</strong></span> <span class='ocrx_word' id='word_1_105' title='bbox 1832 1719 1947 1780; x_wconf 87' lang='lat' dir='ltr'><strong>pro</strong></span> <span class='ocrx_word' id='word_1_106' title='bbox 1992 1720 2111 1780; x_wconf 86' lang='lat' dir='ltr'><strong>qua</strong></span> <span class='ocrx_word' id='word_1_107' title='bbox 2150 1697 2607 1779; x_wconf 76' lang='lat' dir='ltr'><strong>pugnaverant,</strong></span> <span class='ocrx_word' id='word_1_108' title='bbox 2670 1696 2873 1778; x_wconf 84' lang='lat' dir='ltr'><strong>adepti</strong></span> <span class='ocrx_word' id='word_1_109' title='bbox 2912 1703 3076 1756; x_wconf 83' lang='lat' dir='ltr'><strong>sunt.</strong></span> 
     </span>
     <span class='ocr_line' id='line_1_13' title="bbox 497 1813 3083 1900; baseline -0.001 -23"><span class='ocrx_word' id='word_1_110' title='bbox 497 1816 712 1900; x_wconf 80' lang='lat' dir='ltr'><strong>(Quod</strong></span> <span class='ocrx_word' id='word_1_111' title='bbox 771 1815 1046 1876; x_wconf 75' lang='lat' dir='ltr'><strong>hortatus</strong></span> <span class='ocrx_word' id='word_1_112' title='bbox 1099 1820 1200 1876; x_wconf 85' lang='lat' dir='ltr'><strong>est</strong></span> <span class='ocrx_word' id='word_1_113' title='bbox 1253 1815 1511 1876; x_wconf 76' lang='lat' dir='ltr'><strong>[socrat.</strong></span> <span class='ocrx_word' id='word_1_114' title='bbox 1557 1815 1651 1884; x_wconf 68' lang='lat' dir='ltr'><strong>‚de</strong></span> <span class='ocrx_word' id='word_1_115' title='bbox 1714 1837 1864 1897; x_wconf 86' lang='lat' dir='ltr'><strong>pace</strong></span> <span class='ocrx_word' id='word_1_116' title='bbox 1926 1837 1993 1898; x_wconf 87' lang='lat' dir='ltr'><strong>p.</strong></span> <span class='ocrx_word' id='word_1_117' title='bbox 2049 1817 2172 1882; x_wconf 81' lang='lat'><strong>181</strong></span> <span class='ocrx_word' id='word_1_118' title='bbox 2234 1814 2275 1900; x_wconf 64' lang='grc' dir='ltr'><strong>ἓ</strong></span> <span class='ocrx_word' id='word_1_119' title='bbox 2333 1819 2454 1889; x_wconf 80' lang='lat'><strong>163</strong></span> <span class='ocrx_word' id='word_1_120' title='bbox 2545 1816 2625 1876; x_wconf 79' lang='lat' dir='ltr'><strong>ef.</strong></span> <span class='ocrx_word' id='word_1_121' title='bbox 2684 1815 2943 1898; x_wconf 71' lang='lat' dir='ltr'><strong>Dionys.</strong></span> <span class='ocrx_word' id='word_1_122' title='bbox 3003 1813 3083 1875; x_wconf 90' lang='lat' dir='ltr'><strong>de</strong></span> 
     </span>
     <span class='ocr_line' id='line_1_14' title="bbox 499 1931 1990 2015; baseline -0.003 -19"><span class='ocrx_word' id='word_1_123' title='bbox 499 1936 773 1997; x_wconf 83' lang='lat' dir='ltr'><strong>Isocrate</strong></span> <span class='ocrx_word' id='word_1_124' title='bbox 808 1933 948 2014; x_wconf 88' lang='lat' dir='ltr'><strong>jud.</strong></span> <span class='ocrx_word' id='word_1_125' title='bbox 986 1954 1054 2015; x_wconf 89' lang='lat' dir='ltr'><strong>p.</strong></span> <span class='ocrx_word' id='word_1_126' title='bbox 1103 1933 1254 2006; x_wconf 79' lang='lat'><strong>565,</strong></span> <span class='ocrx_word' id='word_1_127' title='bbox 1297 1934 1367 2005; x_wconf 77' lang='lat'><strong>9,</strong></span> <span class='ocrx_word' id='word_1_128' title='bbox 1415 1932 1516 1992; x_wconf 90' lang='lat' dir='ltr'><strong>ed.</strong></span> <span class='ocrx_word' id='word_1_129' title='bbox 1564 1931 1845 2014; x_wconf 77' lang='lat' dir='ltr'><strong>Reiske).</strong></span> <span class='ocrx_word' id='word_1_130' title='bbox 1876 1933 1990 2015; x_wconf 76' lang='lat'>1³5)</span> 
     </span>
    </p>

    <p class='ocr_par' dir='ltr' id='par_1_3' title="bbox 499 2047 3087 2842">
     <span class='ocr_line' id='line_1_15' title="bbox 761 2047 3081 2134; baseline -0.001 -22"><span class='ocrx_word' id='word_1_131' title='bbox 761 2050 907 2112; x_wconf 71' lang='lat' dir='ltr'><strong>«Iam</strong></span> <span class='ocrx_word' id='word_1_132' title='bbox 943 2051 1053 2114; x_wconf 87' lang='lat' dir='ltr'><strong>illo</strong></span> <span class='ocrx_word' id='word_1_133' title='bbox 1096 2057 1374 2134; x_wconf 88' lang='lat' dir='ltr'><strong>tempore</strong></span> <span class='ocrx_word' id='word_1_134' title='bbox 1414 2071 1748 2131; x_wconf 86' lang='lat' dir='ltr'><strong>paucorum</strong></span> <span class='ocrx_word' id='word_1_135' title='bbox 1782 2051 2069 2131; x_wconf 82' lang='lat' dir='ltr'><strong>potentiae</strong></span> <span class='ocrx_word' id='word_1_136' title='bbox 2098 2051 2452 2133; x_wconf 79' lang='lat' dir='ltr'><strong>permissam</strong></span> <span class='ocrx_word' id='word_1_137' title='bbox 2494 2051 2679 2112; x_wconf 79' lang='lat' dir='ltr'><strong>fuisse</strong></span> <span class='ocrx_word' id='word_1_138' title='bbox 2715 2069 2844 2109; x_wconf 87' lang='lat' dir='ltr'><strong>rem</strong></span> <span class='ocrx_word' id='word_1_139' title='bbox 2881 2047 3081 2129; x_wconf 89' lang='lat' dir='ltr'><strong>publi-</strong></span> 
     </span>
     <span class='ocr_line' id='line_1_16' title="bbox 502 2165 3078 2258; baseline -0.002 -28"><span class='ocrx_word' id='word_1_140' title='bbox 502 2190 633 2231; x_wconf 87' lang='lat' dir='ltr'><strong>cam</strong></span> <span class='ocrx_word' id='word_1_141' title='bbox 689 2167 1020 2239; x_wconf 83' lang='lat' dir='ltr'><strong>Chiorum,</strong></span> <span class='ocrx_word' id='word_1_142' title='bbox 1105 2168 1433 2230; x_wconf 77' lang='lat' dir='ltr'><strong>verisimile</strong></span> <span class='ocrx_word' id='word_1_143' title='bbox 1489 2175 1608 2230; x_wconf 88' lang='lat' dir='ltr'><strong>est.</strong></span> <span class='ocrx_word' id='word_1_144' title='bbox 1686 2169 1874 2258; x_wconf 36' lang='lat' dir='ltr'><strong>„Quo</strong></span> <span class='ocrx_word' id='word_1_145' title='bbox 1934 2169 2177 2252; x_wconf 85' lang='lat' dir='ltr'><strong>quidem</strong></span> <span class='ocrx_word' id='word_1_146' title='bbox 2218 2177 2493 2251; x_wconf 87' lang='lat' dir='ltr'><strong>tempore</strong></span> <span class='ocrx_word' id='word_1_147' title='bbox 2556 2169 2639 2250; x_wconf 91' lang='lat' dir='ltr'><strong>(a.</strong></span> <span class='ocrx_word' id='word_1_148' title='bbox 2717 2165 2968 2230; x_wconf 77' lang='lat' dir='ltr'><strong>eccm</strong></span> <span class='ocrx_word' id='word_1_149' title='bbox 3020 2189 3078 2226; x_wconf 82' lang='lat' dir='ltr'><strong>a.</strong></span> 
     </span>
     <span class='ocr_line' id='line_1_17' title="bbox 505 2283 3080 2367; baseline -0.002 -17"><span class='ocrx_word' id='word_1_150' title='bbox 505 2287 658 2350; x_wconf 77' lang='lat' dir='ltr'><strong>chr.</strong></span> <span class='ocrx_word' id='word_1_151' title='bbox 723 2286 817 2367; x_wconf 88' lang='lat' dir='ltr'><strong>n.)</strong></span> <span class='ocrx_word' id='word_1_152' title='bbox 884 2285 1362 2346; x_wconf 87' lang='lat' dir='ltr'><strong>Demosthenes·</strong></span> <span class='ocrx_word' id='word_1_153' title='bbox 1397 2283 1474 2345; x_wconf 90' lang='lat' dir='ltr'><strong>de</strong></span> <span class='ocrx_word' id='word_1_154' title='bbox 1537 2285 1867 2348; x_wconf 78' lang='lat' dir='ltr'><strong>liberandis</strong></span> <span class='ocrx_word' id='word_1_155' title='bbox 1914 2287 2172 2349; x_wconf 87' lang='lat' dir='ltr'><strong>Rhodiis</strong></span> <span class='ocrx_word' id='word_1_156' title='bbox 2228 2288 2560 2350; x_wconf 85' lang='lat' dir='ltr'><strong>orationem</strong></span> <span class='ocrx_word' id='word_1_157' title='bbox 2596 2286 2809 2347; x_wconf 84' lang='lat' dir='ltr'><strong>habuit</strong></span> <span class='ocrx_word' id='word_1_158' title='bbox 2824 2328 2846 2358; x_wconf 91' lang='lat'><strong>,</strong></span> <span class='ocrx_word' id='word_1_159' title='bbox 2918 2291 3080 2346; x_wconf 88' lang='lat' dir='ltr'><strong>certe</strong></span> 
     </span>
     <span class='ocr_line' id='line_1_18' title="bbox 499 2401 3078 2490; baseline -0.001 -24"><span class='ocrx_word' id='word_1_160' title='bbox 499 2423 831 2490; x_wconf 84' lang='lat' dir='ltr'><strong>paucorum</strong></span> <span class='ocrx_word' id='word_1_161' title='bbox 873 2401 1211 2464; x_wconf 82' lang='lat' dir='ltr'><strong>dominatus</strong></span> <span class='ocrx_word' id='word_1_162' title='bbox 1257 2403 1517 2465; x_wconf 73' lang='lat' dir='ltr'><strong>obtinuit</strong></span> <span class='ocrx_word' id='word_1_163' title='bbox 1556 2404 1863 2485; x_wconf 84' lang='lat' dir='ltr'><strong>(Demost.</strong></span> <span class='ocrx_word' id='word_1_164' title='bbox 1912 2412 2072 2466; x_wconf 84' lang='lat' dir='ltr'><strong>orat.</strong></span> <span class='ocrx_word' id='word_1_165' title='bbox 2124 2405 2171 2466; x_wconf 87' lang='lat' dir='ltr'><strong>l.</strong></span> <span class='ocrx_word' id='word_1_166' title='bbox 2224 2427 2289 2488; x_wconf 88' lang='lat' dir='ltr'><strong>p.</strong></span> <span class='ocrx_word' id='word_1_167' title='bbox 2341 2407 2465 2468; x_wconf 80' lang='lat'><strong>196</strong></span> <span class='ocrx_word' id='word_1_168' title='bbox 2506 2404 2606 2467; x_wconf 90' lang='lat' dir='ltr'><strong>ed.</strong></span> <span class='ocrx_word' id='word_1_169' title='bbox 2658 2403 2927 2477; x_wconf 78' lang='lat' dir='ltr'><strong>Reiske3</strong></span> <span class='ocrx_word' id='word_1_170' title='bbox 2996 2403 3078 2464; x_wconf 78' lang='lat' dir='ltr'><strong>cf.</strong></span> 
     </span>
     <span class='ocr_line' id='line_1_19' title="bbox 505 2519 3087 2605; baseline -0.002 -17"><span class='ocrx_word' id='word_1_171' title='bbox 505 2522 709 2588; x_wconf 84' lang='lat' dir='ltr'><strong>Plehn</strong></span> <span class='ocrx_word' id='word_1_172' title='bbox 729 2564 752 2596; x_wconf 90' lang='lat'><strong>,</strong></span> <span class='ocrx_word' id='word_1_173' title='bbox 826 2519 1014 2581; x_wconf 82' lang='lat' dir='ltr'><strong>Lesb.</strong></span> <span class='ocrx_word' id='word_1_174' title='bbox 1059 2539 1127 2600; x_wconf 88' lang='lat' dir='ltr'><strong>p.</strong></span> <span class='ocrx_word' id='word_1_175' title='bbox 1171 2521 1306 2602; x_wconf 77' lang='lat'><strong>⁸76).</strong></span> <span class='ocrx_word' id='word_1_176' title='bbox 1394 2520 1580 2583; x_wconf 80' lang='lat' dir='ltr'><strong>Brevi</strong></span> <span class='ocrx_word' id='word_1_177' title='bbox 1638 2529 1783 2604; x_wconf 87' lang='lat' dir='ltr'><strong>post</strong></span> <span class='ocrx_word' id='word_1_178' title='bbox 1842 2523 1924 2605; x_wconf 86' lang='lat' dir='ltr'><strong>(e.</strong></span> <span class='ocrx_word' id='word_1_179' title='bbox 1975 2545 2035 2584; x_wconf 89' lang='lat' dir='ltr'><strong>a.</strong></span> <span class='ocrx_word' id='word_1_180' title='bbox 2083 2521 2472 2604; x_wconf 66' lang='lat' dir='ltr'>CCCXLVI)</span> <span class='ocrx_word' id='word_1_181' title='bbox 2530 2522 2799 2586; x_wconf 80' lang='lat' dir='ltr'><strong>Idrieum</strong></span> <span class='ocrx_word' id='word_1_182' title='bbox 2868 2519 3087 2584; x_wconf 76' lang='lat' dir='ltr'><strong>Garum</strong></span> 
     </span>
     <span class='ocr_line' id='line_1_20' title="bbox 507 2615 3079 2726; baseline -0.001 -22"><span class='ocrx_word' id='word_1_183' title='bbox 507 2641 818 2704; x_wconf 88' lang='lat' dir='ltr'><strong>dominum</strong></span> <span class='ocrx_word' id='word_1_184' title='bbox 873 2615 1141 2698; x_wconf 74' lang='lat' dir='ltr'><strong>libertati</strong></span> <span class='ocrx_word' id='word_1_185' title='bbox 1187 2637 1480 2700; x_wconf 85' lang='lat' dir='ltr'><strong>Chiorum</strong></span> <span class='ocrx_word' id='word_1_186' title='bbox 1523 2639 1869 2702; x_wconf 81' lang='lat' dir='ltr'><strong>insidiatum</strong></span> <span class='ocrx_word' id='word_1_187' title='bbox 1915 2661 2049 2703; x_wconf 86' lang='lat' dir='ltr'><strong>esse</strong></span> <span class='ocrx_word' id='word_1_188' title='bbox 2068 2683 2093 2719; x_wconf 89' lang='lat'>‚</span> <span class='ocrx_word' id='word_1_189' title='bbox 2164 2642 2609 2705; x_wconf 83' lang='lat' dir='ltr'><strong>Demosthenes</strong></span> <span class='ocrx_word' id='word_1_190' title='bbox 2670 2641 2776 2725; x_wconf 84' lang='lat' dir='ltr'><strong>(de</strong></span> <span class='ocrx_word' id='word_1_191' title='bbox 2818 2659 2967 2725; x_wconf 86' lang='lat' dir='ltr'><strong>paee</strong></span> <span class='ocrx_word' id='word_1_192' title='bbox 3010 2661 3079 2726; x_wconf 90' lang='lat' dir='ltr'><strong>p.</strong></span> 
     </span>
     <span class='ocr_line' id='line_1_21' title="bbox 501 2758 1027 2842; baseline -0.017 -19"><span class='ocrx_word' id='word_1_193' title='bbox 501 2758 614 2842; x_wconf 74' lang='lat'><strong>63)</strong></span> <span class='ocrx_word' id='word_1_194' title='bbox 657 2762 871 2818; x_wconf 86' lang='lat' dir='ltr'><strong>auctor</strong></span> <span class='ocrx_word' id='word_1_195' title='bbox 911 2760 1027 2815; x_wconf 88' lang='lat' dir='ltr'><strong>est.</strong></span> 
     </span>
    </p>
   </div>
   <div class='ocr_carea' id='block_1_3' title="bbox 494 2871 3099 3550">
    <p class='ocr_par' dir='ltr' id='par_1_4' title="bbox 494 2871 3099 3550">
     <span class='ocr_line' id='line_1_22' title="bbox 775 2871 3090 2959; baseline 0.001 -28"><span class='ocrx_word' id='word_1_196' title='bbox 775 2874 983 2949; x_wconf 84' lang='lat' dir='ltr'><strong>Quum</strong></span> <span class='ocrx_word' id='word_1_197' title='bbox 1018 2871 1342 2954; x_wconf 84' lang='lat' dir='ltr'><strong>Philippus</strong></span> <span class='ocrx_word' id='word_1_198' title='bbox 1385 2873 1504 2938; x_wconf 82' lang='lat' dir='ltr'><strong>ille.</strong></span> <span class='ocrx_word' id='word_1_199' title='bbox 1533 2894 1648 2936; x_wconf 84' lang='lat' dir='ltr'><strong>rex</strong></span> <span class='ocrx_word' id='word_1_200' title='bbox 1685 2874 2091 2939; x_wconf 85' lang='lat' dir='ltr'><strong>Macedonum</strong></span> <span class='ocrx_word' id='word_1_201' title='bbox 2127 2873 2481 2959; x_wconf 78' lang='lat' dir='ltr'><strong>Byzantium</strong></span> <span class='ocrx_word' id='word_1_202' title='bbox 2516 2876 2849 2950; x_wconf 86' lang='lat' dir='ltr'><strong>obsideret,</strong></span> <span class='ocrx_word' id='word_1_203' title='bbox 2896 2874 3090 2943; x_wconf 76' lang='lat' dir='ltr'><strong>Athe-</strong></span> 
     </span>
     <span class='ocr_line' id='line_1_23' title="bbox 494 2991 3091 3077; baseline -0.001 -24"><span class='ocrx_word' id='word_1_204' title='bbox 494 2994 748 3054; x_wconf 68' lang='lat' dir='ltr'><strong>nienses</strong></span> <span class='ocrx_word' id='word_1_205' title='bbox 803 3010 1018 3071; x_wconf 88' lang='lat' dir='ltr'><strong>pacem</strong></span> <span class='ocrx_word' id='word_1_206' title='bbox 1089 2992 1166 3051; x_wconf 90' lang='lat' dir='ltr'><strong>ab</strong></span> <span class='ocrx_word' id='word_1_207' title='bbox 1229 3011 1303 3052; x_wconf 90' lang='lat' dir='ltr'><strong>eo</strong></span> <span class='ocrx_word' id='word_1_208' title='bbox 1368 2991 1653 3053; x_wconf 80' lang='lat' dir='ltr'><strong>violatam</strong></span> <span class='ocrx_word' id='word_1_209' title='bbox 1714 3014 1849 3054; x_wconf 89' lang='lat' dir='ltr'><strong>esse</strong></span> <span class='ocrx_word' id='word_1_210' title='bbox 1919 2994 2031 3054; x_wconf 85' lang='lat' dir='ltr'><strong>rati</strong></span> <span class='ocrx_word' id='word_1_211' title='bbox 2049 3038 2072 3067; x_wconf 91' lang='lat'><strong>,</strong></span> <span class='ocrx_word' id='word_1_212' title='bbox 2161 2996 2465 3077; x_wconf 75' lang='lat' dir='ltr'><strong>Byzantiis</strong></span> <span class='ocrx_word' id='word_1_213' title='bbox 2526 2994 2747 3055; x_wconf 80' lang='lat' dir='ltr'><strong>auxilio</strong></span> <span class='ocrx_word' id='word_1_214' title='bbox 2808 2994 3091 3073; x_wconf 73' lang='lat' dir='ltr'><strong>ingentes</strong></span> 
     </span>
     <span class='ocr_line' id='line_1_24' title="bbox 508 3107 3093 3192; baseline 0.001 -21"><span class='ocrx_word' id='word_1_215' title='bbox 508 3109 713 3192; x_wconf 85' lang='lat' dir='ltr'><strong>copias</strong></span> <span class='ocrx_word' id='word_1_216' title='bbox 755 3108 1088 3180; x_wconf 81' lang='lat' dir='ltr'><strong>miserunt3</strong></span> <span class='ocrx_word' id='word_1_217' title='bbox 1185 3109 1364 3169; x_wconf 86' lang='lat' dir='ltr'><strong>etiam</strong></span> <span class='ocrx_word' id='word_1_218' title='bbox 1407 3109 1574 3183; x_wconf 88' lang='lat' dir='ltr'><strong>Chii,</strong></span> <span class='ocrx_word' id='word_1_219' title='bbox 1627 3109 1738 3171; x_wconf 89' lang='lat' dir='ltr'><strong>Coi</strong></span> <span class='ocrx_word' id='word_1_220' title='bbox 1757 3153 1778 3183; x_wconf 91' lang='lat'><strong>,</strong></span> <span class='ocrx_word' id='word_1_221' title='bbox 1827 3110 2057 3173; x_wconf 88' lang='lat' dir='ltr'><strong>Rhodii</strong></span> <span class='ocrx_word' id='word_1_222' title='bbox 2100 3112 2201 3173; x_wconf 76' lang='lat' dir='ltr'><strong>alii</strong></span> <span class='ocrx_word' id='word_1_223' title='bbox 2245 3113 2597 3174; x_wconf 84' lang='lat' dir='ltr'><strong>Graeeorum</strong></span> <span class='ocrx_word' id='word_1_224' title='bbox 2641 3112 2717 3173; x_wconf 87' lang='lat' dir='ltr'><strong>ad</strong></span> <span class='ocrx_word' id='word_1_225' title='bbox 2763 3107 3093 3191; x_wconf 72' lang='lat' dir='ltr'><strong>Byzantios</strong></span> 
     </span>
     <span class='ocr_line' id='line_1_25' title="bbox 507 3225 3095 3313; baseline -0.001 -25"><span class='ocrx_word' id='word_1_226' title='bbox 507 3226 770 3290; x_wconf 87' lang='lat' dir='ltr'><strong>tuendos</strong></span> <span class='ocrx_word' id='word_1_227' title='bbox 827 3232 1255 3285; x_wconf 78' lang='lat' dir='ltr'><strong>succurrerunt</strong></span> <span class='ocrx_word' id='word_1_228' title='bbox 1320 3225 1403 3307; x_wconf 85' lang='lat' dir='ltr'><strong>(a.</strong></span> <span class='ocrx_word' id='word_1_229' title='bbox 1454 3225 1779 3301; x_wconf 80' lang='lat' dir='ltr'>CCCXL3</span> <span class='ocrx_word' id='word_1_230' title='bbox 1844 3229 2027 3291; x_wconf 88' lang='lat' dir='ltr'><strong>Diod.</strong></span> <span class='ocrx_word' id='word_1_231' title='bbox 2070 3231 2253 3304; x_wconf 84' lang='lat' dir='ltr'><strong>XVI,</strong></span> <span class='ocrx_word' id='word_1_232' title='bbox 2294 3231 2428 3313; x_wconf 72' lang='lat'><strong>⁸77).</strong></span> <span class='ocrx_word' id='word_1_233' title='bbox 2516 3231 2685 3291; x_wconf 88' lang='lat' dir='ltr'><strong>Illud</strong></span> <span class='ocrx_word' id='word_1_234' title='bbox 2730 3250 2809 3289; x_wconf 80' lang='lat' dir='ltr'><strong>ex</strong></span> <span class='ocrx_word' id='word_1_235' title='bbox 2842 3225 3095 3287; x_wconf 87' lang='lat' dir='ltr'><strong>foedere</strong></span> 
     </span>
     <span class='ocr_line' id='line_1_26' title="bbox 509 3342 3095 3431; baseline -0.001 -25"><span class='ocrx_word' id='word_1_236' title='bbox 509 3346 671 3407; x_wconf 83' lang='lat' dir='ltr'><strong>inter</strong></span> <span class='ocrx_word' id='word_1_237' title='bbox 711 3342 848 3404; x_wconf 86' lang='lat' dir='ltr'><strong>illas</strong></span> <span class='ocrx_word' id='word_1_238' title='bbox 909 3342 1182 3403; x_wconf 85' lang='lat' dir='ltr'><strong>civitates</strong></span> <span class='ocrx_word' id='word_1_239' title='bbox 1247 3342 1370 3404; x_wconf 82' lang='lat' dir='ltr'><strong>icto</strong></span> <span class='ocrx_word' id='word_1_240' title='bbox 1428 3346 1653 3406; x_wconf 85' lang='lat' dir='ltr'><strong>factum</strong></span> <span class='ocrx_word' id='word_1_241' title='bbox 1696 3366 1831 3406; x_wconf 91' lang='lat' dir='ltr'><strong>esse</strong></span> <span class='ocrx_word' id='word_1_242' title='bbox 1878 3354 2071 3428; x_wconf 83' lang='lat' dir='ltr'><strong>put03</strong></span> <span class='ocrx_word' id='word_1_243' title='bbox 2160 3347 2326 3431; x_wconf 87' lang='lat' dir='ltr'><strong>quod</strong></span> <span class='ocrx_word' id='word_1_244' title='bbox 2369 3349 2446 3410; x_wconf 84' lang='lat' dir='ltr'><strong>ad</strong></span> <span class='ocrx_word' id='word_1_245' title='bbox 2496 3349 2715 3410; x_wconf 85' lang='lat' dir='ltr'><strong>foedus</strong></span> <span class='ocrx_word' id='word_1_246' title='bbox 2756 3345 3095 3407; x_wconf 80' lang='lat' dir='ltr'><strong>feriendum</strong></span> 
     </span>
     <span class='ocr_line' id='line_1_27' title="bbox 513 3458 3099 3550; baseline -0 -26"><span class='ocrx_word' id='word_1_247' title='bbox 513 3460 916 3524; x_wconf 79' lang='lat' dir='ltr'><strong>Athenienses</strong></span> <span class='ocrx_word' id='word_1_248' title='bbox 975 3458 1249 3521; x_wconf 83' lang='lat' dir='ltr'><strong>hortatus</strong></span> <span class='ocrx_word' id='word_1_249' title='bbox 1310 3468 1405 3522; x_wconf 88' lang='lat' dir='ltr'><strong>est</strong></span> <span class='ocrx_word' id='word_1_250' title='bbox 1465 3462 1909 3525; x_wconf 85' lang='lat' dir='ltr'><strong>Demosthenes</strong></span> <span class='ocrx_word' id='word_1_251' title='bbox 1966 3465 2263 3548; x_wconf 86' lang='lat' dir='ltr'><strong>(Philipp.</strong></span> <span class='ocrx_word' id='word_1_252' title='bbox 2329 3466 2426 3527; x_wconf 89' lang='lat'><strong>111</strong></span> <span class='ocrx_word' id='word_1_253' title='bbox 2445 3508 2466 3539; x_wconf 93' lang='lat'><strong>,</strong></span> <span class='ocrx_word' id='word_1_254' title='bbox 2544 3487 2610 3550; x_wconf 87' lang='lat' dir='ltr'><strong>p.</strong></span> <span class='ocrx_word' id='word_1_255' title='bbox 2676 3464 2849 3547; x_wconf 80' lang='lat'><strong>129).</strong></span> <span class='ocrx_word' id='word_1_256' title='bbox 2948 3463 3099 3540; x_wconf 78' lang='lat' dir='ltr'><strong>Quo</strong></span> 
     </span>
    </p>
   </div>
   <div class='ocr_carea' id='block_1_4' title="bbox 513 3562 3101 3781">
    <p class='ocr_par' dir='ltr' id='par_1_5' title="bbox 513 3562 3101 3781">
     <span class='ocr_line' id='line_1_28' title="bbox 515 3562 3101 3662; baseline 0 -21"><span class='ocrx_word' id='word_1_257' title='bbox 515 3578 870 3650; x_wconf 70' lang='lat' dir='ltr'><strong>Graecorum</strong></span> <span class='ocrx_word' id='word_1_258' title='bbox 931 3596 1230 3638; x_wconf 85' lang='lat' dir='ltr'><strong>concursu</strong></span> <span class='ocrx_word' id='word_1_259' title='bbox 1285 3586 1515 3639; x_wconf 87' lang='lat' dir='ltr'><strong>motum</strong></span> <span class='ocrx_word' id='word_1_260' title='bbox 1564 3562 1917 3662; x_wconf 79' lang='lat' dir='ltr'><strong>Philippum</strong></span> <span class='ocrx_word' id='word_1_261' title='bbox 1974 3582 2287 3645; x_wconf 87' lang='lat' dir='ltr'><strong>obsidione</strong></span> <span class='ocrx_word' id='word_1_262' title='bbox 2346 3583 2580 3643; x_wconf 88' lang='lat' dir='ltr'><strong>sublata</strong></span> <span class='ocrx_word' id='word_1_263' title='bbox 2644 3603 2781 3642; x_wconf 89' lang='lat' dir='ltr'><strong>cum</strong></span> <span class='ocrx_word' id='word_1_264' title='bbox 2833 3578 3101 3641; x_wconf 85' lang='lat' dir='ltr'><strong>Atheni-</strong></span> 
     </span>
     <span class='ocr_line' id='line_1_29' title="bbox 513 3695 3093 3781; baseline 0 -24"><span class='ocrx_word' id='word_1_265' title='bbox 513 3696 757 3758; x_wconf 87' lang='lat' dir='ltr'><strong>ensibus</strong></span> <span class='ocrx_word' id='word_1_266' title='bbox 823 3695 1160 3777; x_wconf 84' lang='lat' dir='ltr'><strong>ceterisque</strong></span> <span class='ocrx_word' id='word_1_267' title='bbox 1226 3695 1455 3756; x_wconf 74' lang='lat' dir='ltr'><strong>Graecis</strong></span> <span class='ocrx_word' id='word_1_268' title='bbox 1513 3695 1871 3760; x_wconf 80' lang='lat' dir='ltr'><strong>adversariis</strong></span> <span class='ocrx_word' id='word_1_269' title='bbox 1935 3721 2145 3781; x_wconf 86' lang='lat' dir='ltr'><strong>pacem</strong></span> <span class='ocrx_word' id='word_1_270' title='bbox 2204 3701 2419 3761; x_wconf 84' lang='lat' dir='ltr'><strong>fecisse</strong></span> <span class='ocrx_word' id='word_1_271' title='bbox 2441 3743 2462 3773; x_wconf 90' lang='lat'><strong>,</strong></span> <span class='ocrx_word' id='word_1_272' title='bbox 2534 3709 2739 3762; x_wconf 84' lang='lat' dir='ltr'><strong>narrat</strong></span> <span class='ocrx_word' id='word_1_273' title='bbox 2782 3699 3093 3763; x_wconf 82' lang='lat' dir='ltr'><strong>Diodorus</strong></span> 
     </span>
    </p>
   </div>
   <div class='ocr_carea' id='block_1_5' title="bbox 516 3809 2481 3902">
    <p class='ocr_par' dir='ltr' id='par_1_6' title="bbox 516 3809 2481 3902">
     <span class='ocr_line' id='line_1_30' title="bbox 516 3809 2481 3902; baseline 0.003 -27"><span class='ocrx_word' id='word_1_274' title='bbox 516 3814 758 3875; x_wconf 85' lang='lat' dir='ltr'><strong>Siculus</strong></span> <span class='ocrx_word' id='word_1_275' title='bbox 804 3809 1009 3894; x_wconf 82' lang='lat' dir='ltr'><strong>(XVI,</strong></span> <span class='ocrx_word' id='word_1_276' title='bbox 1051 3814 1158 3897; x_wconf 81' lang='lat'><strong>¹77)</strong></span> <span class='ocrx_word' id='word_1_277' title='bbox 1208 3814 1358 3896; x_wconf 90' lang='lat' dir='ltr'><strong>(Sed</strong></span> <span class='ocrx_word' id='word_1_278' title='bbox 1395 3815 1477 3875; x_wconf 77' lang='lat' dir='ltr'><strong>cf.</strong></span> <span class='ocrx_word' id='word_1_279' title='bbox 1528 3813 1890 3899; x_wconf 77' lang='lat' dir='ltr'><strong>Wesseling</strong></span> <span class='ocrx_word' id='word_1_280' title='bbox 1928 3818 2009 3880; x_wconf 91' lang='lat' dir='ltr'><strong>ad</strong></span> <span class='ocrx_word' id='word_1_281' title='bbox 2050 3818 2234 3883; x_wconf 86' lang='lat' dir='ltr'><strong>Diod.</strong></span> <span class='ocrx_word' id='word_1_282' title='bbox 2278 3819 2328 3881; x_wconf 91' lang='lat' dir='ltr'><strong>l.</strong></span> <span class='ocrx_word' id='word_1_283' title='bbox 2375 3818 2481 3902; x_wconf 91' lang='grc'><strong>1.).</strong></span> 
     </span>
    </p>
   </div>
   <div class='ocr_carea' id='block_1_6' title="bbox 501 4113 3117 4839">
    <p class='ocr_par' dir='ltr' id='par_1_7' title="bbox 501 4113 3117 4839">
     <span class='ocr_line' id='line_1_31' title="bbox 659 4113 3103 4193; baseline -0 -23"><span class='ocrx_word' id='word_1_284' title='bbox 659 4117 764 4184; x_wconf 76' lang='lat'><strong>¹⁸⁵)</strong></span> <span class='ocrx_word' id='word_1_285' title='bbox 833 4116 919 4169; x_wconf 74' lang='lat' dir='ltr'><strong>Ad</strong></span> <span class='ocrx_word' id='word_1_286' title='bbox 969 4116 1082 4169; x_wconf 81' lang='lat' dir='ltr'><strong>hoc</strong></span> <span class='ocrx_word' id='word_1_287' title='bbox 1130 4116 1347 4171; x_wconf 81' lang='lat' dir='ltr'><strong>bellum</strong></span> <span class='ocrx_word' id='word_1_288' title='bbox 1401 4119 1764 4175; x_wconf 83' lang='lat' dir='ltr'><strong>referendum</strong></span> <span class='ocrx_word' id='word_1_289' title='bbox 1814 4123 1922 4187; x_wconf 80' lang='lat' dir='ltr'><strong>est,</strong></span> <span class='ocrx_word' id='word_1_290' title='bbox 1970 4120 2118 4193; x_wconf 81' lang='lat' dir='ltr'><strong>quod</strong></span> <span class='ocrx_word' id='word_1_291' title='bbox 2153 4118 2387 4175; x_wconf 80' lang='lat' dir='ltr'><strong>tradidit</strong></span> <span class='ocrx_word' id='word_1_292' title='bbox 2416 4118 2666 4189; x_wconf 70' lang='lat' dir='ltr'><strong>Polyoen.</strong></span> <span class='ocrx_word' id='word_1_293' title='bbox 2704 4119 2819 4183; x_wconf 88' lang='lat' dir='ltr'><strong>m,</strong></span> <span class='ocrx_word' id='word_1_294' title='bbox 2866 4114 2938 4182; x_wconf 78' lang='grc'><strong>9,</strong></span> <span class='ocrx_word' id='word_1_295' title='bbox 2988 4113 3103 4169; x_wconf 72' lang='lat'><strong>232</strong></span> 
     </span>
     <span class='ocr_line' id='line_1_32' title="bbox 518 4205 3109 4283; baseline 0 -22"><span class='ocrx_word' id='word_1_296' title='bbox 518 4205 885 4277; x_wconf 73' lang='lat' dir='ltr'><strong>Iphicraten,</strong></span> <span class='ocrx_word' id='word_1_297' title='bbox 921 4224 1096 4275; x_wconf 87' lang='lat' dir='ltr'><strong>quum</strong></span> <span class='ocrx_word' id='word_1_298' title='bbox 1129 4207 1416 4278; x_wconf 65' lang='lat' dir='ltr'><strong>Mytilene</strong></span> <span class='ocrx_word' id='word_1_299' title='bbox 1453 4218 1615 4277; x_wconf 77' lang='lat' dir='ltr'><strong>esset,</strong></span> <span class='ocrx_word' id='word_1_300' title='bbox 1654 4230 1946 4267; x_wconf 86' lang='lat' dir='ltr'><strong>rumorem</strong></span> <span class='ocrx_word' id='word_1_301' title='bbox 1982 4210 2300 4283; x_wconf 76' lang='lat' dir='ltr'><strong>dissipasse,</strong></span> <span class='ocrx_word' id='word_1_302' title='bbox 2334 4217 2497 4265; x_wconf 81' lang='lat' dir='ltr'><strong>scuta</strong></span> <span class='ocrx_word' id='word_1_303' title='bbox 2531 4212 2797 4283; x_wconf 82' lang='lat' dir='ltr'><strong>oportere</strong></span> <span class='ocrx_word' id='word_1_304' title='bbox 2834 4208 3109 4263; x_wconf 79' lang='lat' dir='ltr'><strong>celeriter</strong></span> 
     </span>
     <span class='ocr_line' id='line_1_33' title="bbox 518 4296 3113 4373; baseline 0 -20"><span class='ocrx_word' id='word_1_305' title='bbox 518 4297 704 4353; x_wconf 84' lang='lat' dir='ltr'><strong>multa</strong></span> <span class='ocrx_word' id='word_1_306' title='bbox 737 4296 1092 4367; x_wconf 80' lang='lat' dir='ltr'><strong>comparari,</strong></span> <span class='ocrx_word' id='word_1_307' title='bbox 1153 4317 1274 4368; x_wconf 77' lang='lat' dir='ltr'><strong>quae</strong></span> <span class='ocrx_word' id='word_1_308' title='bbox 1307 4302 1484 4358; x_wconf 82' lang='lat' dir='ltr'><strong>servis</strong></span> <span class='ocrx_word' id='word_1_309' title='bbox 1521 4303 1793 4360; x_wconf 82' lang='lat' dir='ltr'><strong>Chiorum</strong></span> <span class='ocrx_word' id='word_1_310' title='bbox 1828 4305 2216 4369; x_wconf 78' lang='lat' dir='ltr'><strong>mitterentur3</strong></span> <span class='ocrx_word' id='word_1_311' title='bbox 2274 4320 2385 4373; x_wconf 83' lang='lat' dir='ltr'><strong>quo</strong></span> <span class='ocrx_word' id='word_1_312' title='bbox 2429 4303 2625 4358; x_wconf 83' lang='lat' dir='ltr'><strong>audito</strong></span> <span class='ocrx_word' id='word_1_313' title='bbox 2664 4300 2833 4357; x_wconf 78' lang='lat' dir='ltr'><strong>Chios</strong></span> <span class='ocrx_word' id='word_1_314' title='bbox 2867 4300 3113 4356; x_wconf 73' lang='lat' dir='ltr'><strong>servitia</strong></span> 
     </span>
     <span class='ocr_line' id='line_1_34' title="bbox 519 4390 3114 4463; baseline -0.005 -6"><span class='ocrx_word' id='word_1_315' title='bbox 519 4393 867 4455; x_wconf 44' lang='lat' dir='ltr'><strong>metuente&amp;</strong></span> <span class='ocrx_word' id='word_1_316' title='bbox 925 4405 958 4442; x_wconf 73' lang='grc' dir='ltr'>θ</span> <span class='ocrx_word' id='word_1_317' title='bbox 1001 4390 1240 4463; x_wconf 72' lang='lat' dir='ltr'><strong>vestigio</strong></span> <span class='ocrx_word' id='word_1_318' title='bbox 1283 4396 1579 4463; x_wconf 75' lang='lat' dir='ltr'><strong>pecuniam</strong></span> <span class='ocrx_word' id='word_1_319' title='bbox 1613 4396 1833 4452; x_wconf 77' lang='lat' dir='ltr'><strong>misisse</strong></span> <span class='ocrx_word' id='word_1_320' title='bbox 1868 4409 1924 4452; x_wconf 89' lang='lat' dir='ltr'><strong>et</strong></span> <span class='ocrx_word' id='word_1_321' title='bbox 1953 4396 2158 4451; x_wconf 77' lang='lat' dir='ltr'><strong>foedus</strong></span> <span class='ocrx_word' id='word_1_322' title='bbox 2194 4412 2323 4449; x_wconf 90' lang='lat' dir='ltr'><strong>cum</strong></span> <span class='ocrx_word' id='word_1_323' title='bbox 2360 4412 2435 4461; x_wconf 70' lang='lat' dir='ltr'><strong>eo</strong></span> <span class='ocrx_word' id='word_1_324' title='bbox 2465 4396 2685 4449; x_wconf 78' lang='lat' dir='ltr'><strong>fecisse.</strong></span> <span class='ocrx_word' id='word_1_325' title='bbox 2754 4396 2841 4449; x_wconf 82' lang='lat' dir='ltr'><strong>De</strong></span> <span class='ocrx_word' id='word_1_326' title='bbox 2866 4394 3114 4449; x_wconf 77' lang='lat' dir='ltr'><strong>foedere</strong></span> 
     </span>
     <span class='ocr_line' id='line_1_35' title="bbox 519 4483 3117 4563; baseline 0.001 -28"><span class='ocrx_word' id='word_1_327' title='bbox 519 4486 678 4535; x_wconf 80' lang='lat' dir='ltr'><strong>certe</strong></span> <span class='ocrx_word' id='word_1_328' title='bbox 717 4485 968 4551; x_wconf 76' lang='lat' dir='ltr'><strong>nugatur</strong></span> <span class='ocrx_word' id='word_1_329' title='bbox 1001 4483 1316 4555; x_wconf 65' lang='lat' dir='ltr'><strong>Polyaenus.</strong></span> <span class='ocrx_word' id='word_1_330' title='bbox 1387 4489 1649 4543; x_wconf 81' lang='lat' dir='ltr'><strong>Alterum</strong></span> <span class='ocrx_word' id='word_1_331' title='bbox 1683 4488 1983 4561; x_wconf 77' lang='lat' dir='ltr'><strong>Iphicratis</strong></span> <span class='ocrx_word' id='word_1_332' title='bbox 2018 4489 2215 4542; x_wconf 75' lang='lat' dir='ltr'><strong>dolum</strong></span> <span class='ocrx_word' id='word_1_333' title='bbox 2246 4487 2479 4563; x_wconf 68' lang='lat' dir='ltr'><strong>trudidit</strong></span> <span class='ocrx_word' id='word_1_334' title='bbox 2514 4486 2665 4541; x_wconf 82' lang='lat' dir='ltr'><strong>idem</strong></span> <span class='ocrx_word' id='word_1_335' title='bbox 2704 4488 2852 4556; x_wconf 89' lang='lat'><strong>(111,</strong></span> <span class='ocrx_word' id='word_1_336' title='bbox 2884 4484 2943 4549; x_wconf 75' lang='lat'><strong>9,</strong></span> <span class='ocrx_word' id='word_1_337' title='bbox 2980 4483 3117 4552; x_wconf 75' lang='lat'><strong>68)=</strong></span> 
     </span>
     <span class='ocr_line' id='line_1_36' title="bbox 501 4571 3116 4649; baseline 0.004 -23"><span class='ocrx_word' id='word_1_338' title='bbox 501 4571 872 4644; x_wconf 77' lang='lat' dir='ltr'><strong>Jphierntem</strong></span> <span class='ocrx_word' id='word_1_339' title='bbox 906 4573 1021 4629; x_wconf 79' lang='lat' dir='ltr'><strong>suis</strong></span> <span class='ocrx_word' id='word_1_340' title='bbox 1056 4577 1393 4646; x_wconf 82' lang='lat' dir='ltr'><strong>quibusdam</strong></span> <span class='ocrx_word' id='word_1_341' title='bbox 1427 4582 1763 4644; x_wconf 76' lang='lat' dir='ltr'><strong>mandasse,</strong></span> <span class='ocrx_word' id='word_1_342' title='bbox 1832 4586 1899 4635; x_wconf 80' lang='lat' dir='ltr'><strong>ut</strong></span> <span class='ocrx_word' id='word_1_343' title='bbox 1930 4578 2137 4635; x_wconf 81' lang='lat' dir='ltr'><strong>vestitu</strong></span> <span class='ocrx_word' id='word_1_344' title='bbox 2174 4580 2453 4637; x_wconf 81' lang='lat' dir='ltr'><strong>Laconico</strong></span> <span class='ocrx_word' id='word_1_345' title='bbox 2490 4580 2564 4635; x_wconf 79' lang='lat' dir='ltr'><strong>sd</strong></span> <span class='ocrx_word' id='word_1_346' title='bbox 2600 4580 2808 4635; x_wconf 82' lang='lat' dir='ltr'><strong>Chium</strong></span> <span class='ocrx_word' id='word_1_347' title='bbox 2842 4577 3116 4649; x_wconf 73' lang='lat' dir='ltr'><strong>appolle-</strong></span> 
     </span>
     <span class='ocr_line' id='line_1_37' title="bbox 523 4666 3117 4742; baseline 0.001 -22"><span class='ocrx_word' id='word_1_348' title='bbox 523 4672 672 4721; x_wconf 85' lang='lat' dir='ltr'><strong>rent.</strong></span> <span class='ocrx_word' id='word_1_349' title='bbox 755 4668 908 4722; x_wconf 77' lang='lat' dir='ltr'><strong>Tum</strong></span> <span class='ocrx_word' id='word_1_350' title='bbox 943 4666 1115 4724; x_wconf 75' lang='lat' dir='ltr'><strong>Chios</strong></span> <span class='ocrx_word' id='word_1_351' title='bbox 1149 4686 1275 4736; x_wconf 76' lang='lat' dir='ltr'><strong>eos,</strong></span> <span class='ocrx_word' id='word_1_352' title='bbox 1327 4672 1425 4742; x_wconf 76' lang='lat' dir='ltr'><strong>qni</strong></span> <span class='ocrx_word' id='word_1_353' title='bbox 1459 4672 1895 4729; x_wconf 72' lang='lat' dir='ltr'><strong>Lacedaemoniis</strong></span> <span class='ocrx_word' id='word_1_354' title='bbox 1927 4673 2221 4739; x_wconf 79' lang='lat' dir='ltr'><strong>faverent,</strong></span> <span class='ocrx_word' id='word_1_355' title='bbox 2258 4674 2363 4730; x_wconf 84' lang='lat' dir='ltr'><strong>illo</strong></span> <span class='ocrx_word' id='word_1_356' title='bbox 2401 4674 2535 4728; x_wconf 81' lang='lat' dir='ltr'><strong>dolo</strong></span> <span class='ocrx_word' id='word_1_357' title='bbox 2572 4672 2873 4741; x_wconf 80' lang='lat' dir='ltr'><strong>deceptos,</strong></span> <span class='ocrx_word' id='word_1_358' title='bbox 2926 4682 3117 4741; x_wconf 77' lang='lat' dir='ltr'><strong>quum</strong></span> 
     </span>
     <span class='ocr_line' id='line_1_38' title="bbox 525 4758 2920 4839; baseline 0.001 -25"><span class='ocrx_word' id='word_1_359' title='bbox 525 4760 586 4814; x_wconf 84' lang='lat' dir='ltr'><strong>in</strong></span> <span class='ocrx_word' id='word_1_360' title='bbox 621 4762 847 4828; x_wconf 83' lang='lat' dir='ltr'><strong>portum</strong></span> <span class='ocrx_word' id='word_1_361' title='bbox 881 4758 1274 4827; x_wconf 68' lang='lat' dir='ltr'><strong>nocturn-issent,</strong></span> <span class='ocrx_word' id='word_1_362' title='bbox 1310 4763 1383 4817; x_wconf 82' lang='lat' dir='ltr'><strong>nb</strong></span> <span class='ocrx_word' id='word_1_363' title='bbox 1419 4763 1854 4824; x_wconf 76' lang='lat' dir='ltr'><strong>Atheniensibus</strong></span> <span class='ocrx_word' id='word_1_364' title='bbox 1886 4764 2231 4839; x_wconf 76' lang='lat' dir='ltr'><strong>interceptos</strong></span> <span class='ocrx_word' id='word_1_365' title='bbox 2264 4764 2517 4820; x_wconf 70' lang='lat' dir='ltr'><strong>Athenas</strong></span> <span class='ocrx_word' id='word_1_366' title='bbox 2546 4761 2746 4819; x_wconf 79' lang='lat' dir='ltr'><strong>missos</strong></span> <span class='ocrx_word' id='word_1_367' title='bbox 2782 4776 2920 4819; x_wconf 70' lang='lat' dir='ltr'><strong>ene.</strong></span> 
     </span>
    </p>
   </div>
   <div class='ocr_carea' id='block_1_7' title="bbox 3202 253 3209 1100">
    <p class='ocr_par' dir='ltr' id='par_1_8' title="bbox 3202 253 3209 1100">
     <span class='ocr_line' id='line_1_39' title="bbox 3202 253 3209 1100; baseline 0 0"><span class='ocrx_word' id='word_1_368' title='bbox 3202 253 3209 1100; x_wconf 95' lang='lat' dir='ltr'><strong> </strong></span> 
     </span>
    </p>
   </div>
  </div>
 </body>
</html>
