3225 5400
1456 285 1550 358 41

209 490 376 552 Chiae
398 532 418 562 ‚
455 487 802 572 procedunt
844 485 1288 562 Atheniensem
1365 485 1836 550 Lacedaemoniis
1874 492 2299 560 recedentibus
2319 541 2341 572 ‚
2384 495 2793 564 Athenienses

208 603 381 668 Chiis
423 608 676 668 navibus
722 606 1064 668 diffidentes
1109 627 1178 667 se
1219 627 1462 690 quoque
1513 607 1775 688 primum
1820 609 2157 690 recipiunt3
2210 613 2431 678 deinde
2482 639 2795 701 eompara-

205 725 286 786 tis
332 725 653 787 XXXVII
693 725 826 786 aliis
871 725 1150 798 navibus,
1191 724 1681 786 Lacedaemonios
1724 725 1803 785 ad
1844 727 2108 790 Piraeum
2131 730 2277 814 11⁶),
2321 741 2564 816 portum
2604 758 2795 820 quen.

209 843 352 902 dam
407 843 537 924 agri
593 843 896 904 Corinthii
939 842 1018 902 ad
1080 842 1230 934 lines
1271 841 1637 924 Epidaurios
1684 844 1890 919 situm,
1950 851 2254 927 persecuti
2313 851 2569 914 classem
2608 856 2794 917 vehe·
2892 893 2897 898 -

125 1037 132 1040 -
207 967 448 1022 menter
501 960 780 1020 afflictam
799 1004 822 1033 ,
895 959 1224 1021 Alcamene
1283 960 1439 1020 duce
1502 959 1823 1023 interfecto
1844 1006 1865 1036 ,
1932 965 2244 1028 obsessam
2306 975 2517 1030 tenent
2562 971 2789 1052 (Thuc.

207 1076 405 1150 VIII,
479 1077 612 1159 lo).
710 1078 852 1154 Qua
888 1076 1065 1138 clade
1109 1078 1347 1160 cognita
1393 1078 1546 1138 adeo
1589 1082 1957 1142 consternati
2001 1090 2141 1143 sunt
2178 1084 2661 1160 Lacedaemonii,
2724 1091 2795 1150 ut

203 1213 322 1255 nec
363 1215 504 1254 suas
529 1193 657 1275 jam
701 1215 885 1256 naves
927 1194 1006 1254 ad
1051 1194 1338 1255 Jonieum
1377 1194 1610 1256 bellum
1652 1197 1892 1258 mittere
1936 1201 2271 1280 cogitarent
2291 1246 2312 1276 ,
2372 1211 2435 1264 et
2468 1202 2793 1268 nonnullas

203 1312 413 1384 etiam,
459 1332 598 1394 quae
631 1312 764 1397 jam
801 1313 1138 1384 solverant,
1177 1333 1469 1390 revocare
1511 1313 1739 1394 (Thuc.
1786 1315 1967 1390 VIII,
2014 1319 2092 1379 11
2136 1320 2350 1402 extr.).
2438 1320 2793 1383 Alcibiades

203 1437 446 1503 autem,
491 1431 598 1512 qui
645 1451 781 1490 cum
826 1428 1198 1519 Chalcideo,
1241 1429 1483 1490 illarum
1520 1429 1578 1490 V
1618 1431 2052 1495 Laconicarum
2088 1438 2327 1500 navium
2372 1439 2527 1500 duce
2548 1483 2570 1512 ,
2611 1439 2795 1502 Alea-

203 1569 441 1608 menem
482 1547 657 1631 sequi
699 1548 964 1608 debebat
1009 1545 1236 1628 (Thuc.
1284 1546 1442 1608 V111
1455 1591 1477 1620 ,
1549 1549 1698 1629 11),
1760 1549 1957 1611 Euclio
2006 1561 2067 1612 et
2103 1557 2321 1616 ceteris
2365 1557 2609 1638 ephoris
2654 1577 2795 1637 [ιρι-ο

205 1666 459 1728 svadcre
502 1666 822 1738 studebat,
889 1671 959 1726 ut
999 1657 1169 1746 prius
1208 1685 1392 1726 naves
1435 1665 1859 1741 mitterentur,
1927 1692 2108 1753 quam
2155 1672 2295 1734 Chii
2354 1673 2587 1734 cladem
2626 1674 2796 1736 illam

205 1785 682 1866 comperissent3
723 1804 790 1844 se
832 1805 1018 1866 quum
1056 1783 1119 1844 in
1151 1783 1396 1844 Joniam
1434 1784 1725 1857 venisset,
1765 1786 1940 1846 facile
1978 1788 2250 1864 civitates
2284 1791 2361 1851 ad
2394 1791 2797 1852 defectionem
2856 1785 2861 1789 ἢ

205 1902 630 1984 impulsurum.
727 1900 990 1962 Endium
1029 1909 1268 1963 secreto
1312 1871 1656 1974 admonuit,
1723 1903 2055 1984 gloriosum
2112 1905 2203 1966 illi
2248 1908 2539 1981 futurum,
2583 1909 2637 1970 si
2682 1929 2797 1991 per

205 2021 410 2103 ipsum
471 2020 658 2081 Jonia
719 2009 1050 2092 deiiceret,
1135 2026 1198 2079 et
1265 2009 1426 2100 regis
1497 2019 1755 2108 societas
1816 2023 2285 2084 Lacedaemoniis
2340 2026 2791 2100 conciliaretur,

205 2160 408 2222 neque
449 2137 662 2220 Agidis
705 2137 814 2198 illa
849 2137 980 2197 laus
1030 2143 1216 2197 esset.
1311 2136 1466 2212 Quoe
1505 2159 1690 2218 quum
1724 2139 1970 2219 ephoris
2019 2149 2081 2201 et
2123 2142 2320 2202 Endio
2368 2144 2792 2224 persvasisset,

207 2257 342 2339 ipse
425 2277 561 2316 cum
623 2255 681 2316 V
732 2255 856 2316 illis
922 2255 1176 2315 navibus
1237 2261 1302 2314 et
1358 2253 1691 2315 Chaleideo
1756 2256 1910 2316 duce
1980 2257 2266 2319 celeriter
2327 2259 2639 2342 profectus
2700 2265 2797 2323 est:

209 2375 363 2458 (Th.
403 2373 588 2446 VIII,
625 2373 756 2454 12).
857 2372 1224 2434 Chalcideus
1269 2380 1331 2431 et
1376 2371 1749 2447 Alcibiades,
1797 2395 1873 2433 ne
1915 2340 2215 2436 adventus
2253 2377 2521 2457 ipsorum
2570 2377 2794 2458 prode-

207 2499 421 2564 retur,
504 2491 856 2571 interceptis
917 2510 1309 2574 quoscunque
1351 2491 1510 2550 inter
1552 2490 1951 2569 navigandum
1992 2492 2400 2572 offenderant,
2482 2516 2667 2576 quum
2716 2494 2797 2556 ad

213 2611 517 2693 Corycum
539 2607 654 2690 11⁶)
731 2607 1142 2689 appulissent,
1233 2607 1524 2690 quosdam
1599 2606 1889 2668 Chiorum
1961 2607 2390 2690 conjurationis
2467 2612 2795 2694 participes
2879 2591 2884 2596 .

212 2733 669 2799 convenerunt,
755 2747 1013 2809 quorum
1077 2748 1112 2787 e
1177 2727 1430 2787 consilio
1496 2721 1667 2787 Chiis
1732 2728 2233 2808 necopinantibus
2287 2736 2793 2812 supervenerunt.

87 2914 94 2921 ,
211 2848 296 2910 Et
322 2847 499 2929 plebs
534 2846 803 2929 quidem,
825 2846 989 2939 ,quid
1022 2846 1114 2905 rei
1144 2852 1332 2917 essct,
1364 2844 1809 2917 admirabatur,
1852 2846 2169 2926 optimates
2198 2854 2398 2908 autem
2426 2848 2489 2908 id
2520 2854 2795 2929 egerant,

211 2972 282 3026 ut
348 2971 590 3025 senatus
661 2983 735 3024 eo
793 2964 928 3045 ipso
969 2970 1279 3051 *tempore
1338 2961 1688 3023 haberetur.
1794 2964 2007 3045 Itaque
2074 2984 2259 3045 quum
2305 2936 2671 3031 Chalcideus
2732 2972 2798 3027 et

211 3083 564 3147 Alcibiades
625 3080 770 3151 alias
835 3080 1054 3141 multas
1104 3100 1287 3141 naves
1331 3081 1817 3162 appropinquare
1876 3066 2271 3141 affirmassent
2317 3104 2513 3164 neque
2556 3084 2796 3145 navium

215 3204 292 3263 ad
335 3202 612 3287 Piraeum,
643 3200 1026 3260 obsessarum
1068 3198 1431 3259 mentionem
1476 3199 1763 3258 fecissent
1783 3242 1804 3271 ,
1850 3198 1987 3258 Chii
2031 3206 2096 3258 et
2131 3199 2430 3281 Erythraei
2452 3195 2555 3260 'ab
2599 3198 2797 3261 Athe·

215 3320 522 3383 niensibus
582 3325 645 3378 et
702 3318 822 3399 ipsi
883 3317 1236 3377 defecerunt
1278 3323 1340 3376 et
1393 3316 1587 3376 tribus
1632 3316 1882 3377 navibus
1920 3316 2116 3391 missis
2156 3317 2574 3379 Clazomenios
2618 3318 2798 3379 ctiam

213 3439 295 3501 ad
333 3438 735 3500 defectionem
779 3433 1149 3516 impulerunt
1232 3434 1457 3516 (Thucss
1504 3434 1686 3521 VIII,
1734 3433 1866 3515 14).

481 3554 927 3626 Athenienses,
1000 3552 1282 3614 celeriter
1325 3552 1566 3635 cognita
1611 3550 1952 3611 defectione
1996 3550 2328 3626 Chiorum,
2391 3553 2455 3614 in
2501 3576 2799 3621 summum

214 3675 493 3736 timorem
539 3672 785 3733 adducti
826 3678 990 3744 sunt,
1033 3692 1138 3745 ne,
1194 3694 1377 3754 quum
1414 3671 1669 3744 maxima
1714 3670 1857 3729 urbs
1902 3638 2248 3751 defecisset,
2294 3679 2510 3732 ceterae
2553 3689 2797 3755 quoque

214 3793 400 3854 nrbes
434 3792 598 3853 idem
638 3790 930 3851 facerent.
1007 3790 1163 3874 Quae
1203 3811 1388 3871 quum
1427 3792 1509 3849 ita
1543 3794 1775 3860 essent,
1818 3786 1943 3847 Vll
1979 3786 2101 3847 illis
2148 3788 2399 3849 navibus
2423 3789 2620 3862 Chiis,
2664 3806 2809 3871 quae=

214 3932 336 3971 nna
372 3906 866 3973 Lacedaemonios
908 3905 986 3967 ad
1029 3906 1290 3967 Piraeum
1337 3906 1872 3979 circumsederant,
1919 3904 2219 3977 abductis,
2266 3926 2477 3968 servos
2504 3907 2799 3968 'libertate

217 4028 558 4101 donarunt,
617 4026 848 4087 liberos
892 4023 1078 4087 Chios
1119 4024 1466 4086 vinxerunt.
1579 4025 1779 4094 Tum,
1861 4030 2146 4104 quantum
2192 4024 2447 4085 maxime
2490 4032 2798 4107 poterant,

218 4131 402 4205 naves
435 4144 875 4219 instruxerunt,
918 4164 1030 4203 nee
1064 4144 1385 4225 quiequam
1418 4142 1773 4212 omiserunt,
1820 4162 1941 4223 quo
1992 4142 2185 4201 minus
2234 4143 2465 4203 bellum
2506 4144 2799 4204 adversus

219 4261 442 4325 Chium
484 4270 798 4342 pararetur
821 4262 1068 4343 ·(Thuc.
1116 4261 1298 4334 vm,
1341 4260 1470 4341 15).
1579 4260 1793 4371 Itaque
1837 4259 2317 4321 Strombichidcs
2338 4304 2359 4334 ,
2436 4262 2561 4322 dux
2603 4259 2801 4321 Athe-

365 4465 466 4535 ιω)
536 4462 832 4538 ”Πειραιόν
879 4464 938 4519 in
988 4463 1286 4539 Σπειραιὸν
1340 4466 1553 4521 mutari
1599 4467 1769 4534 jubet
1818 4466 1881 4519 C·
1935 4466 2001 4520 0.
2056 4467 2275 4519 Miiller
2335 4467 2577 4537 Ephem.
2642 4468 2801 4522 Gon.

220 4556 394 4621 1828,
446 4557 519 4612 T.
556 4558 645 4619 11,
699 4558 836 4611 fasc.
870 4558 972 4623 77,
1021 4578 1076 4628 p.
1110 4558 1216 4613 ⁷68
1311 4564 1366 4613 et
1403 4560 1532 4615 hist.
1570 4566 1725 4631 gent.
1762 4560 1897 4615 Dor.
1940 4558 2025 4623 11,
2086 4576 2140 4627 p.
2178 4557 2337 4611 4³1.”
2410 4558 2595 4611 Plehn
2633 4558 2799 4612 Lesb·

221 4670 277 4723 p.
313 4650 404 4717 7⁰,
442 4651 540 4708 sed
577 4650 652 4705 cf.
695 4650 932 4703 Goeller
967 4651 1036 4703 ad
1075 4652 1136 4703 h.
1171 4652 1213 4705 l.

367 4743 470 4813 116)
541 4743 626 4799 De
666 4742 779 4800 situ
815 4742 1040 4814 Coryci,
1078 4741 1226 4799 inter
1263 4746 1406 4801 Erat
1443 4746 1502 4801 et
1535 4744 1838 4816 Erythras,
1878 4744 1953 4801 ef.
1992 4744 2183 4803 Strati.
2225 4742 2374 4808 xlv,
2411 4759 2466 4811 p.
2504 4740 2675 4811 (5415
2711 4740 2800 4802 22.
