3225 5400
1654 252 1753 326 44

301 505 308 512 .
413 431 578 512 enda·
617 463 786 531 erat,
843 453 1163 516 omittitur.
1207 519 1212 526 ,
1259 451 1669 516 Athenienses
1710 451 1977 516 Lesbum
2020 458 2409 534 receperunt.
2496 450 2683 516 Brevi
2718 457 2873 534 post
2914 449 3035 514 VI

412 591 598 632 naves
631 571 812 632 soeiae
846 573 1176 634 Cenchreis
1208 571 1428 634 Chium
1459 571 1710 634 veniunt
1756 571 1980 653 (Thac.
2026 569 2207 642 vm,
2251 570 2385 652 23).

678 688 820 751 Non
885 688 970 748 ita
1033 687 1225 761 multo
1283 695 1426 769 post
1478 689 1689 750 eadem
1746 695 1951 749 aestate
2012 686 2421 750 Athenienses
2478 685 2557 747 ad
2601 687 3023 759 panormum,

410 807 678 888 regionis
727 805 986 870 Milesiae
1026 813 1271 887 portum
1291 847 1314 878 ,
1372 806 1578 886 fugato
1622 806 1897 866 exercitu
1935 803 2529 892 Lacedaemoniorum
2567 810 2631 864 et
2672 804 3013 866 interfecto

411 923 744 987 Chalcideo
783 925 938 986 duce
985 945 1169 1006 quum
1213 922 1558 1003 superiores
1604 922 1748 984 faeti
1793 929 2021 994 essent,
2096 921 2373 988 omnihus
2421 921 2703 994 navibus,
2756 941 2901 1004 quae
2940 921 3017 982 in.

409 1041 522 1102 illo
582 1021 736 1104 mari
791 1049 989 1115 eraut,
1028 1041 1344 1113 collectis,
1407 1040 1664 1100 ducibus
1710 1041 1943 1102 Leonte
1993 1047 2056 1098 et
2094 1038 2501 1100 Diomedonte
2524 1082 2545 1112 ,
2617 1038 2771 1099 belli
2814 1039 3013 1098 totius

409 1159 634 1221 molem
672 1160 840 1221 Chiis
877 1160 1183 1232 inferunt3
1245 1158 1323 1218 ud
1359 1156 1762 1239 Cardamylen
1802 1158 2031 1240 egressi
2074 1178 2260 1239 quum
2314 1155 2394 1216 ad
2430 1153 2741 1218 Bolissum
2780 1156 3005 1228 Chios,

411 1279 518 1360 qui
555 1278 634 1338 ad
656 1263 802 1338 'vim
837 1277 1307 1360 propulsandam
1345 1275 1770 1348 occurrebant,
1810 1275 2074 1356 graviter
2114 1274 2369 1337 afflictos
2402 1273 3008 1355 proelio'vieissent‚

407 1401 598 1455 totam
653 1394 819 1455 illam
876 1397 1184 1477 regionem
1250 1401 1582 1455 vastarunt.
1683 1393 1878 1453 Victis
1944 1392 2231 1474 deinceps
2294 1399 2357 1452 et
2412 1391 2489 1454 ad
2532 1392 2773 1455 Phanas
2814 1399 2879 1452 et
2922 1392 3007 1454 ad

407 1513 780 1575 Leuconium
825 1514 1032 1585 Chiis,
1103 1535 1286 1596 quum
1332 1510 1516 1570 nullm
1548 1509 1677 1591 jam
1712 1519 1923 1570 contra
1958 1531 2065 1570 eos
2112 1511 2302 1591 copiae
2344 1511 2635 1592 progredi
2676 1511 3004 1585 auderent,

405 1630 502 1692 illi
562 1631 816 1692 insulam
839 1674 861 1703 ‚
934 1631 1158 1711 optime
1211 1637 1481 1691 ornatam
1539 1635 1603 1688 et
1664 1650 1699 1688 a
1750 1627 2009 1688 Medicis
2068 1628 2443 1710 temporibus
2507 1629 2586 1688 ad
2646 1627 2765 1688 hoc
2802 1650 3003 1712 usque

406 1754 646 1829 tempus
690 1748 842 1808 nihil
875 1747 1226 1814 calamitatis
1263 1769 1617 1829 perpessam
1658 1745 2007 1827 gravissime
2056 1747 2477 1825 perdiderunt.
2560 1747 2777 1829 Itaque
2812 1768 3005 1828 quum

408 1865 550 1928 Chii
610 1866 674 1926 in
711 1866 951 1948 ⁸urbem
993 1866 1183 1947 ipsam
1227 1864 1526 1946 compulsi
1563 1865 1715 1924 mari
1751 1863 2306 1923 intercluderentur
2346 1863 2661 1946 insulaque
2704 1865 3007 1948 diripere-

406 1991 552 2056 tur,
615 2004 650 2044 e
696 1982 983 2064 populari
1026 1982 1286 2042 factione
1327 1983 1573 2063 quidam
1608 1983 1822 2042 urbem
1870 1981 2341 2042 Atheniensibus
2383 1983 2625 2042 tradere
2674 1984 2997 2064 parabant.

407 2101 596 2178 Quod
641 2123 829 2182 quum
875 2101 1255 2181 magistratus
1304 2099 1595 2186 §him-um
1635 2099 2233 2172 animadvertissent,
2297 2098 2416 2182 ipsi
2460 2099 2703 2183 quidem
2747 2101 3003 2182 quieve-

405 2226 550 2282 runt
570 2260 592 2291 ,
657 2215 1040 2299 Astyoehum
1092 2226 1292 2279 autem
1348 2217 1630 2298 Erythris
1692 2240 1828 2279 cum
1888 2216 1980 2277 IV
2040 2216 2329 2289 navibus,
2400 2238 2544 2300 quae-
2584 2219 2641 2278 ei
2685 2225 2881 2291 erant,
2927 2219 3001 2280 in

404 2338 620 2398 urbem
679 2336 1122 2397 arcessiverunt
1181 2344 1243 2396 et
1302 2357 1438 2396 cum
1481 2356 1555 2396 eo
1593 2335 2049 2407 deliberarunt,
2125 2355 2245 2416 quo
2298 2333 2605 2395 lenissimo
2662 2335 2843 2396 modo
2890 2335 3001 2397 vel

405 2454 718 2524 obsidibus
759 2453 1066 2534 capiendis
1113 2453 1213 2516 vel
1255 2453 1371 2514 alia
1415 2475 1534 2537 qua
1583 2454 1815 2516 ratione
1857 2452 2103 2513 insidias
2159 2451 2297 2514 illas
2358 2453 2702 2536 opprimere
2744 2461 3005 2537 possent

405 2572 632 2655 (Thue.
676 2570 860 2644 VIII,
907 2571 1040 2653 24).
2816 2563 2843 2573 ’

674 2688 971 2771 Sequenti
1020 2687 1217 2749 hieme
1263 2711 1446 2771 quum
1491 2686 1957 2769 Atheniensium
2002 2710 2184 2750 naves
2231 2710 2465 2763 omnes,
2515 2689 2691 2752 etiam
2734 2711 2871 2773 quae
2914 2690 2997 2759 ad

403 2806 626 2869 Chium
681 2813 1017 2879 steterant,
1099 2807 1174 2867 ad
1223 2808 1476 2869 Samum
1519 2815 1843 2869 contractae
1890 2813 2134 2879 essent,
2216 2814 2278 2867 et
2319 2790 2573 2869 XXXV
2631 2808 2989 2883 CharminO,

403 2906 891 2995 Stromhichide‚
959 2924 1334 2986 Euctemone
1377 2926 1633 2986 ducibus
1694 2926 1877 2986 domo
1930 2925 2353 2998 advenissent,
2426 2927 2824 2989 constitutum
2869 2934 2989 3000 est,

402 3050 474 3103 nt
513 3043 764 3103 navibus
809 3040 1101 3115 Miletus,
1175 3050 1237 3103 et
1297 3043 1548 3103 navibus
1595 3050 1659 3103 et
1702 3042 2085 3123 pedestribus
2135 3044 2325 3124 copiis
2374 3043 2565 3104 Chius
2609 3064 2986 3129 oppugnare-

401 3166 528 3221 tur.
623 3161 766 3221 Iloc
803 3181 1019 3219 munus
1079 3160 1280 3221 sortiti
1327 3160 1850 3236 StrombichideS‚
1922 3140 2289 3223 Onomacles
2309 3205 2331 3234 ,
2401 3162 2743 3223 Euctemon
2800 3159 2989 3225 duces

397 3277 652 3339 navibus
714 3278 908 3339 XXX
982 3286 1046 3339 et
1123 3300 1338 3361 magno
1407 3300 1659 3339 numero
1736 3280 1993 3341 militum
2071 3280 2270 3361 gravis
2343 3287 2658 3341 armaturoe
2733 3281 2988 3343 navibus

399 3396 688 3457 vectoriis
729 3396 1011 3475 imposito
1059 3397 1348 3458 adversus
1395 3396 1612 3458 Chium
1658 3398 1919 3479 profecti
1970 3372 2133 3459 sunt.
2239 3398 2477 3459 Ceterae
2522 3397 2989 3465 Atheniensium

399 3532 584 3577 naves
615 3534 867 3573 numero
900 3514 1172 3573 LXXIV
1201 3514 1278 3574 ad
1312 3515 1556 3576 Samum
1591 3515 1701 3575 illo
1732 3523 2006 3598 tempore
2038 3524 2389 3577 manserunt
2443 3516 2590 3599 (Th.
2628 3515 2811 3589 VIII,
2844 3516 2982 3599 30).

399 3611 621 3709 Quum¹
645 3629 991 3713 Astyochus
1040 3630 1245 3713 (quem
1283 3653 1464 3713 supra
1507 3634 1765 3722 diximus
1816 3634 1874 3693 in
1923 3634 2237 3695 obsidibus
2280 3633 2573 3715 eligendis
2621 3642 2983 3716 occupatum

395 3749 608 3831 fuisse)
647 3770 830 3811 naves
853 3749 1231 3810 Theramene
1272 3751 1428 3812 duce
1467 3752 1592 3812 suis
1623 3753 1847 3813 auxilio
1876 3753 2109 3814 venisse
2155 3759 2218 3811 et
2257 3772 2357 3812 res
2393 3752 2696 3813 sociorum
2728 3752 2981 3813 meliore

395 3866 539 3929 loco
587 3888 722 3929 esse
769 3868 1204 3949 comperisset,
1272 3869 1427 3929 illud
1475 3870 1720 3952 quidem
1782 3878 2017 3940 remoto
2060 3871 2277 3932 timore
2320 3871 2561 3958 omisit,
2633 3879 2695 3932 et
2736 3870 2982 3955 adscitis

394 3984 648 4045 navibus
694 3984 1159 4066 Peloponnesiis
1205 3987 1269 4046 X
1321 3987 1695 4070 totidemque
1756 3988 1925 4050 Chiis
1984 3989 2114 4071 ipse
2164 3990 2327 4049 ultro
2379 3989 2619 4050 hostem
2676 3989 2982 4050 lacessere

396 4101 732 4165 constituit.
849 4102 942 4165 Ac
987 4104 1245 4185 primum
1290 4104 1533 4187 quidem
1573 4106 1839 4167 Pteleon
1884 4109 2106 4169 frustra
2147 4107 2455 4182 aderitum
2502 4107 2719 4167 deinde
2764 4107 2983 4169 Clazo-

394 4240 599 4283 menas
641 4220 900 4301 petivit‚
969 4229 1036 4283 ut
1093 4222 1145 4281 si
1189 4223 1292 4305 qui
1341 4200 1812 4286 Atheniensibus
1874 4221 2187 4299 faverent,
2258 4248 2363 4286 eos
2410 4227 2550 4287 inde
2611 4225 2975 4307 depelleret.

393 4338 537 4415 Qua
595 4338 773 4398 etiam
833 4360 940 4419 spe
989 4340 1192 4400 elusus
1249 4341 1570 4402 Phocaeam
1628 4350 1691 4401 et
1749 4344 1979 4440 Cymen
2032 4345 2269 4405 delatus
2325 4353 2421 4405 est
2504 4344 2731 4426 (Thuc.
2793 4344 2978 4435 vm,

389 4456 527 4537 81).
623 4448 718 4516 Ibi
764 4455 949 4538 legati
997 4482 1030 4519 a
1077 4458 1356 4531 Lesbiis,
1418 4461 1521 4543 qui
1564 4461 1764 4521 denuo
1812 4462 2070 4521 deficere
2116 4464 2481 4544 cupiebant,
2542 4482 2679 4523 eum
2724 4462 2973 4541 adeunt,

393 4574 630 4659 ipsique
673 4576 847 4638 facile
896 4579 1296 4659 persvaden13
1363 4578 1471 4639 sed
1515 4580 1970 4641 adversantibus
2018 4582 2347 4645 Corinthiis
2392 4582 2730 4665 ceterisque
2769 4579 2971 4651 sociiS‚

395 4692 614 4755 Chium
659 4696 983 4779 navigavit,
1027 4698 1362 4783 eodemque
1401 4698 1578 4759 etiam
1622 4700 1755 4761 aliae
1791 4700 2031 4761 aliunde
2078 4709 2289 4783 postea
2331 4708 2717 4763 accesserunt
2764 4720 2969 4771 aava,
