<?xml version="1.0" encoding="UTF-8"?>
<!DOCTYPE html PUBLIC "-//W3C//DTD XHTML 1.0 Transitional//EN"
    "http://www.w3.org/TR/xhtml1/DTD/xhtml1-transitional.dtd">
<html xmlns="http://www.w3.org/1999/xhtml" xml:lang="en" lang="en">
 <head>
  <title>
</title>
<meta http-equiv="Content-Type" content="text/html;charset=utf-8" />
  <meta name='ocr-system' content='tesseract 3.04.00' />
  <meta name='ocr-capabilities' content='ocr_page ocr_carea ocr_par ocr_line ocrx_word'/>
</head>
<body>
  <div class='ocr_page' id='page_1' title='image "./derebuschiorump00whitgoog_0062.png"; bbox 0 0 3225 5400; ppageno 0'>
   <div class='ocr_carea' id='block_1_1' title="bbox 1633 276 1733 348">
    <p class='ocr_par' dir='ltr' id='par_1_1' title="bbox 1633 276 1733 348">
     <span class='ocr_line' id='line_1_1' title="bbox 1633 276 1733 348; baseline 0.01 -1"><span class='ocrx_word' id='word_1_1' title='bbox 1633 276 1733 348; x_wconf 81' lang='lat'><strong>42</strong></span> 
     </span>
    </p>
   </div>
   <div class='ocr_carea' id='block_1_2' title="bbox 391 472 3060 2091">
    <p class='ocr_par' dir='ltr' id='par_1_2' title="bbox 391 472 3060 1736">
     <span class='ocr_line' id='line_1_2' title="bbox 391 472 3060 558; baseline -0.005 -13"><span class='ocrx_word' id='word_1_2' title='bbox 391 481 688 545; x_wconf 79' lang='lat' dir='ltr'><strong>niensium</strong></span> <span class='ocrx_word' id='word_1_3' title='bbox 709 522 730 552; x_wconf 92' lang='lat'><strong>,</strong></span> <span class='ocrx_word' id='word_1_4' title='bbox 773 498 918 553; x_wconf 73' lang='lat' dir='ltr'><strong>eum</strong></span> <span class='ocrx_word' id='word_1_5' title='bbox 943 474 1102 539; x_wconf 87' lang='lat' dir='ltr'>VIII</span> <span class='ocrx_word' id='word_1_6' title='bbox 1143 473 1398 542; x_wconf 78' lang='lat' dir='ltr'><strong>navibus</strong></span> <span class='ocrx_word' id='word_1_7' title='bbox 1435 496 1667 549; x_wconf 81' lang='lat' dir='ltr'><strong>earum,</strong></span> <span class='ocrx_word' id='word_1_8' title='bbox 1714 494 1849 558; x_wconf 64' lang='lat' dir='ltr'><strong>quat</strong></span> <span class='ocrx_word' id='word_1_9' title='bbox 1890 474 1969 536; x_wconf 83' lang='lat' dir='ltr'><strong>ad</strong></span> <span class='ocrx_word' id='word_1_10' title='bbox 2007 476 2273 538; x_wconf 67' lang='lat' dir='ltr'><strong>Piraeum</strong></span> <span class='ocrx_word' id='word_1_11' title='bbox 2314 476 2635 539; x_wconf 77' lang='lat' dir='ltr'><strong>stationem</strong></span> <span class='ocrx_word' id='word_1_12' title='bbox 2676 472 3060 537; x_wconf 68' lang='lat' dir='ltr'><strong>habebant</strong></span> 
     </span>
     <span class='ocr_line' id='line_1_3' title="bbox 393 594 3047 683; baseline -0.004 -22"><span class='ocrx_word' id='word_1_13' title='bbox 393 600 641 683; x_wconf 81' lang='lat' dir='ltr'><strong>(quibus</strong></span> <span class='ocrx_word' id='word_1_14' title='bbox 686 602 862 658; x_wconf 79' lang='lat' dir='ltr'><strong>antea</strong></span> <span class='ocrx_word' id='word_1_15' title='bbox 909 594 1308 657; x_wconf 86' lang='lat' dir='ltr'><strong>Chalcideum</strong></span> <span class='ocrx_word' id='word_1_16' title='bbox 1360 594 1426 657; x_wconf 89' lang='lat' dir='ltr'><strong>in</strong></span> <span class='ocrx_word' id='word_1_17' title='bbox 1470 594 1691 657; x_wconf 83' lang='lat' dir='ltr'><strong>Chium</strong></span> <span class='ocrx_word' id='word_1_18' title='bbox 1732 594 2109 676; x_wconf 73' lang='lat' dir='ltr'><strong>navigantem</strong></span> <span class='ocrx_word' id='word_1_19' title='bbox 2151 596 2377 657; x_wconf 81' lang='lat' dir='ltr'><strong>frustra</strong></span> <span class='ocrx_word' id='word_1_20' title='bbox 2422 600 2778 675; x_wconf 83' lang='lat' dir='ltr'><strong>persecutus</strong></span> <span class='ocrx_word' id='word_1_21' title='bbox 2822 597 3047 661; x_wconf 68' lang='lat' dir='ltr'><strong>erat,</strong></span> 
     </span>
     <span class='ocr_line' id='line_1_4' title="bbox 391 711 3051 796; baseline -0.004 -17"><span class='ocrx_word' id='word_1_22' title='bbox 391 717 594 779; x_wconf 72' lang='lat' dir='ltr'><strong>Thuc-</strong></span> <span class='ocrx_word' id='word_1_23' title='bbox 660 714 846 786; x_wconf 87' lang='lat' dir='ltr'>VIII,</span> <span class='ocrx_word' id='word_1_24' title='bbox 888 714 1041 796; x_wconf 84' lang='lat'><strong>15),</strong></span> <span class='ocrx_word' id='word_1_25' title='bbox 1105 714 1351 777; x_wconf 86' lang='lat' dir='ltr'><strong>Samum</strong></span> <span class='ocrx_word' id='word_1_26' title='bbox 1413 714 1693 795; x_wconf 80' lang='lat' dir='ltr'><strong>pervenit</strong></span> <span class='ocrx_word' id='word_1_27' title='bbox 1752 716 1817 773; x_wconf 88' lang='lat' dir='ltr'><strong>et</strong></span> <span class='ocrx_word' id='word_1_28' title='bbox 1873 734 1993 773; x_wconf 88' lang='lat' dir='ltr'><strong>una</strong></span> <span class='ocrx_word' id='word_1_29' title='bbox 2052 713 2195 773; x_wconf 89' lang='lat' dir='ltr'><strong>inde</strong></span> <span class='ocrx_word' id='word_1_30' title='bbox 2252 711 2568 793; x_wconf 81' lang='lat' dir='ltr'><strong>adsumpta</strong></span> <span class='ocrx_word' id='word_1_31' title='bbox 2627 711 2765 773; x_wconf 78' lang='lat' dir='ltr'><strong>navi</strong></span> <span class='ocrx_word' id='word_1_32' title='bbox 2800 711 3051 773; x_wconf 77' lang='lat' dir='ltr'><strong>Teon</strong></span> 
     </span>
     <span class='ocr_line' id='line_1_5' title="bbox 391 806 3044 917; baseline -0.004 -21"><span class='ocrx_word' id='word_1_33' title='bbox 391 835 706 917; x_wconf 79' lang='lat' dir='ltr'><strong>profectus</strong></span> <span class='ocrx_word' id='word_1_34' title='bbox 767 838 862 891; x_wconf 88' lang='lat' dir='ltr'><strong>est</strong></span> <span class='ocrx_word' id='word_1_35' title='bbox 883 874 904 904; x_wconf 92' lang='lat'><strong>,</strong></span> <span class='ocrx_word' id='word_1_36' title='bbox 975 839 1046 892; x_wconf 87' lang='lat' dir='ltr'><strong>ut</strong></span> <span class='ocrx_word' id='word_1_37' title='bbox 1107 852 1239 892; x_wconf 85' lang='lat' dir='ltr'><strong>eam</strong></span> <span class='ocrx_word' id='word_1_38' title='bbox 1296 832 1360 893; x_wconf 87' lang='lat' dir='ltr'><strong>in</strong></span> <span class='ocrx_word' id='word_1_39' title='bbox 1413 830 1614 892; x_wconf 82' lang='lat' dir='ltr'><strong>officio</strong></span> <span class='ocrx_word' id='word_1_40' title='bbox 1678 806 1995 892; x_wconf 79' lang='lat' dir='ltr'><strong>retineret.</strong></span> <span class='ocrx_word' id='word_1_41' title='bbox 2106 830 2236 893; x_wconf 89' lang='lat' dir='ltr'><strong>Sed</strong></span> <span class='ocrx_word' id='word_1_42' title='bbox 2300 826 2667 893; x_wconf 86' lang='lat' dir='ltr'><strong>Chalcideus</strong></span> <span class='ocrx_word' id='word_1_43' title='bbox 2734 845 3044 911; x_wconf 74' lang='lat' dir='ltr'><strong>quoque</strong></span> 
     </span>
     <span class='ocr_line' id='line_1_6' title="bbox 392 946 3041 1032; baseline -0.004 -17"><span class='ocrx_word' id='word_1_44' title='bbox 392 950 623 1015; x_wconf 86' lang='lat' dir='ltr'>XXIII</span> <span class='ocrx_word' id='word_1_45' title='bbox 673 949 926 1010; x_wconf 82' lang='lat' dir='ltr'><strong>navibus</strong></span> <span class='ocrx_word' id='word_1_46' title='bbox 989 971 1024 1009; x_wconf 86' lang='lat' dir='ltr'><strong>a</strong></span> <span class='ocrx_word' id='word_1_47' title='bbox 1079 950 1236 1010; x_wconf 88' lang='lat' dir='ltr'><strong>Chio</strong></span> <span class='ocrx_word' id='word_1_48' title='bbox 1296 950 1474 1011; x_wconf 89' lang='lat' dir='ltr'><strong>Teon</strong></span> <span class='ocrx_word' id='word_1_49' title='bbox 1527 948 1853 1030; x_wconf 76' lang='lat' dir='ltr'><strong>navigavit,</strong></span> <span class='ocrx_word' id='word_1_50' title='bbox 1912 948 2212 1032; x_wconf 84' lang='lat' dir='ltr'><strong>simulque</strong></span> <span class='ocrx_word' id='word_1_51' title='bbox 2279 946 2491 1011; x_wconf 84' lang='lat' dir='ltr'><strong>aderat</strong></span> <span class='ocrx_word' id='word_1_52' title='bbox 2548 948 2853 1030; x_wconf 75' lang='lat' dir='ltr'><strong>peditatus</strong></span> <span class='ocrx_word' id='word_1_53' title='bbox 2948 950 3041 1005; x_wconf 78' lang='lat' dir='ltr'><strong>et</strong></span> 
     </span>
     <span class='ocr_line' id='line_1_7' title="bbox 395 1062 3037 1149; baseline -0.004 -17"><span class='ocrx_word' id='word_1_54' title='bbox 395 1069 926 1132; x_wconf 74' lang='lat' dir='ltr'>Clazomeniorum</span> <span class='ocrx_word' id='word_1_55' title='bbox 966 1074 1028 1127; x_wconf 88' lang='lat' dir='ltr'><strong>et</strong></span> <span class='ocrx_word' id='word_1_56' title='bbox 1074 1066 1552 1149; x_wconf 72' lang='lat' dir='ltr'><strong>Erythraeorum.</strong></span> <span class='ocrx_word' id='word_1_57' title='bbox 1626 1066 1815 1143; x_wconf 81' lang='lat' dir='ltr'><strong>Quod</strong></span> <span class='ocrx_word' id='word_1_58' title='bbox 1857 1074 2042 1149; x_wconf 84' lang='lat' dir='ltr'><strong>quum</strong></span> <span class='ocrx_word' id='word_1_59' title='bbox 2076 1065 2559 1127; x_wconf 85' lang='lat' dir='ltr'><strong>Strombiehides</strong></span> <span class='ocrx_word' id='word_1_60' title='bbox 2609 1062 3037 1124; x_wconf 76' lang='lat' dir='ltr'><strong>animadver-</strong></span> 
     </span>
     <span class='ocr_line' id='line_1_8' title="bbox 394 1183 3031 1266; baseline -0.004 -17"><span class='ocrx_word' id='word_1_61' title='bbox 394 1188 574 1249; x_wconf 83' lang='lat' dir='ltr'><strong>tisset</strong></span> <span class='ocrx_word' id='word_1_62' title='bbox 595 1230 617 1259; x_wconf 91' lang='lat'><strong>,</strong></span> <span class='ocrx_word' id='word_1_63' title='bbox 709 1188 956 1247; x_wconf 80' lang='lat' dir='ltr'><strong>Samum</strong></span> <span class='ocrx_word' id='word_1_64' title='bbox 1002 1204 1068 1245; x_wconf 89' lang='lat' dir='ltr'><strong>se</strong></span> <span class='ocrx_word' id='word_1_65' title='bbox 1111 1186 1252 1265; x_wconf 77' lang='lat' dir='ltr'><strong>fuga</strong></span> <span class='ocrx_word' id='word_1_66' title='bbox 1308 1184 1543 1266; x_wconf 84' lang='lat' dir='ltr'><strong>recepit</strong></span> <span class='ocrx_word' id='word_1_67' title='bbox 1589 1184 1815 1265; x_wconf 87' lang='lat' dir='ltr'><strong>(Thue.</strong></span> <span class='ocrx_word' id='word_1_68' title='bbox 1863 1183 2020 1244; x_wconf 83' lang='lat' dir='ltr'>VIII</span> <span class='ocrx_word' id='word_1_69' title='bbox 2039 1226 2061 1257; x_wconf 86' lang='lat'>‚</span> <span class='ocrx_word' id='word_1_70' title='bbox 2131 1183 2267 1266; x_wconf 80' lang='lat'>16).</span> <span class='ocrx_word' id='word_1_71' title='bbox 2366 1183 2731 1245; x_wconf 85' lang='lat' dir='ltr'><strong>Chalcideus</strong></span> <span class='ocrx_word' id='word_1_72' title='bbox 2776 1186 3031 1241; x_wconf 80' lang='lat' dir='ltr'><strong>autem</strong></span> 
     </span>
     <span class='ocr_line' id='line_1_9' title="bbox 395 1296 3031 1384; baseline -0.003 -19"><span class='ocrx_word' id='word_1_73' title='bbox 395 1313 462 1365; x_wconf 86' lang='lat' dir='ltr'><strong>et</strong></span> <span class='ocrx_word' id='word_1_74' title='bbox 499 1303 854 1365; x_wconf 78' lang='lat' dir='ltr'><strong>Alcibiades</strong></span> <span class='ocrx_word' id='word_1_75' title='bbox 916 1302 1456 1384; x_wconf 86' lang='lat' dir='ltr'><strong>(Strombichidem</strong></span> <span class='ocrx_word' id='word_1_76' title='bbox 1497 1302 1578 1361; x_wconf 88' lang='lat' dir='ltr'><strong>ad</strong></span> <span class='ocrx_word' id='word_1_77' title='bbox 1621 1302 1869 1362; x_wconf 86' lang='lat' dir='ltr'><strong>Samum</strong></span> <span class='ocrx_word' id='word_1_78' title='bbox 1904 1320 2095 1383; x_wconf 84' lang='lat' dir='ltr'><strong>usque</strong></span> <span class='ocrx_word' id='word_1_79' title='bbox 2139 1301 2469 1383; x_wconf 74' lang='lat' dir='ltr'><strong>persecuti)</strong></span> <span class='ocrx_word' id='word_1_80' title='bbox 2510 1300 2753 1361; x_wconf 86' lang='lat' dir='ltr'><strong>armatis</strong></span> <span class='ocrx_word' id='word_1_81' title='bbox 2794 1296 3031 1359; x_wconf 79' lang='lat' dir='ltr'><strong>Pelo·</strong></span> 
     </span>
     <span class='ocr_line' id='line_1_10' title="bbox 391 1418 3029 1504; baseline -0.004 -19"><span class='ocrx_word' id='word_1_82' title='bbox 391 1421 890 1504; x_wconf 84' lang='lat' dir='ltr'><strong>ponnesiacarum</strong></span> <span class='ocrx_word' id='word_1_83' title='bbox 947 1421 1190 1481; x_wconf 83' lang='lat' dir='ltr'><strong>navium</strong></span> <span class='ocrx_word' id='word_1_84' title='bbox 1251 1420 1447 1479; x_wconf 85' lang='lat' dir='ltr'><strong>nantis</strong></span> <span class='ocrx_word' id='word_1_85' title='bbox 1510 1428 1572 1479; x_wconf 90' lang='lat' dir='ltr'><strong>et</strong></span> <span class='ocrx_word' id='word_1_86' title='bbox 1634 1419 1698 1478; x_wconf 89' lang='lat' dir='ltr'><strong>in</strong></span> <span class='ocrx_word' id='word_1_87' title='bbox 1763 1418 1920 1480; x_wconf 88' lang='lat' dir='ltr'><strong>Chio</strong></span> <span class='ocrx_word' id='word_1_88' title='bbox 1981 1418 2255 1499; x_wconf 79' lang='lat' dir='ltr'><strong>proesidii</strong></span> <span class='ocrx_word' id='word_1_89' title='bbox 2314 1439 2495 1479; x_wconf 87' lang='lat' dir='ltr'><strong>causa</strong></span> <span class='ocrx_word' id='word_1_90' title='bbox 2548 1418 2778 1478; x_wconf 79' lang='lat' dir='ltr'><strong>relictis</strong></span> <span class='ocrx_word' id='word_1_91' title='bbox 2798 1458 2821 1490; x_wconf 89' lang='lat'><strong>,</strong></span> <span class='ocrx_word' id='word_1_92' title='bbox 2940 1420 3029 1475; x_wconf 78' lang='lat' dir='ltr'><strong>et</strong></span> 
     </span>
     <span class='ocr_line' id='line_1_11' title="bbox 395 1511 3021 1601; baseline -0.003 -1"><span class='ocrx_word' id='word_1_93' title='bbox 395 1554 537 1601; x_wconf 79' lang='lat' dir='ltr'><strong>suas</strong></span> <span class='ocrx_word' id='word_1_94' title='bbox 584 1560 768 1600; x_wconf 85' lang='lat' dir='ltr'><strong>naves</strong></span> <span class='ocrx_word' id='word_1_95' title='bbox 825 1545 889 1599; x_wconf 85' lang='lat' dir='ltr'><strong>et</strong></span> <span class='ocrx_word' id='word_1_96' title='bbox 928 1538 1060 1601; x_wconf 85' lang='lat' dir='ltr'><strong>XX</strong></span> <span class='ocrx_word' id='word_1_97' title='bbox 1118 1538 1266 1598; x_wconf 84' lang='lat' dir='ltr'><strong>alias</strong></span> <span class='ocrx_word' id='word_1_98' title='bbox 1303 1538 1500 1597; x_wconf 86' lang='lat' dir='ltr'><strong>nautis</strong></span> <span class='ocrx_word' id='word_1_99' title='bbox 1550 1535 1723 1597; x_wconf 84' lang='lat' dir='ltr'><strong>Chiis</strong></span> <span class='ocrx_word' id='word_1_100' title='bbox 1772 1537 2095 1596; x_wconf 84' lang='lat' dir='ltr'><strong>instructas</strong></span> <span class='ocrx_word' id='word_1_101' title='bbox 2140 1511 2547 1597; x_wconf 73' lang='lat' dir='ltr'><strong>abalienandae</strong></span> <span class='ocrx_word' id='word_1_102' title='bbox 2586 1534 2789 1597; x_wconf 85' lang='lat' dir='ltr'><strong>Mileti</strong></span> <span class='ocrx_word' id='word_1_103' title='bbox 2837 1554 3021 1597; x_wconf 74' lang='lat' dir='ltr'><strong>eon-</strong></span> 
     </span>
     <span class='ocr_line' id='line_1_12' title="bbox 395 1651 3011 1736; baseline -0.002 -18"><span class='ocrx_word' id='word_1_104' title='bbox 395 1657 534 1719; x_wconf 84' lang='lat' dir='ltr'><strong>silio</strong></span> <span class='ocrx_word' id='word_1_105' title='bbox 578 1654 916 1717; x_wconf 85' lang='lat' dir='ltr'><strong>solverunt.</strong></span> <span class='ocrx_word' id='word_1_106' title='bbox 1003 1654 1370 1716; x_wconf 81' lang='lat' dir='ltr'><strong>&#39;Consilium</strong></span> <span class='ocrx_word' id='word_1_107' title='bbox 1439 1675 1516 1714; x_wconf 83' lang='lat' dir='ltr'><strong>ex</strong></span> <span class='ocrx_word' id='word_1_108' title='bbox 1563 1654 1861 1714; x_wconf 87' lang='lat' dir='ltr'><strong>sententia</strong></span> <span class='ocrx_word' id='word_1_109' title='bbox 1918 1654 2199 1735; x_wconf 82' lang='lat' dir='ltr'><strong>procedit</strong></span> <span class='ocrx_word' id='word_1_110' title='bbox 2292 1654 2517 1736; x_wconf 88' lang='lat' dir='ltr'><strong>(Thue.</strong></span> <span class='ocrx_word' id='word_1_111' title='bbox 2585 1652 2738 1713; x_wconf 85' lang='lat' dir='ltr'>VIII</span> <span class='ocrx_word' id='word_1_112' title='bbox 2754 1696 2779 1725; x_wconf 87' lang='lat'><strong>,</strong></span> <span class='ocrx_word' id='word_1_113' title='bbox 2844 1651 3011 1733; x_wconf 82' lang='lat'>1¹⁷).</span> 
     </span>
    </p>

    <p class='ocr_par' dir='ltr' id='par_1_3' title="bbox 393 1769 3013 1855">
     <span class='ocr_line' id='line_1_13' title="bbox 393 1769 3013 1855; baseline -0.003 -18"><span class='ocrx_word' id='word_1_114' title='bbox 393 1776 558 1837; x_wconf 78' lang='lat' dir='ltr'><strong>Tum</strong></span> <span class='ocrx_word' id='word_1_115' title='bbox 590 1774 750 1834; x_wconf 87' lang='lat' dir='ltr'><strong>inter</strong></span> <span class='ocrx_word' id='word_1_116' title='bbox 784 1793 990 1854; x_wconf 78' lang='lat' dir='ltr'><strong>regem</strong></span> <span class='ocrx_word' id='word_1_117' title='bbox 1033 1772 1362 1833; x_wconf 84' lang='lat' dir='ltr'><strong>Persarum</strong></span> <span class='ocrx_word' id='word_1_118' title='bbox 1397 1778 1459 1831; x_wconf 92' lang='lat' dir='ltr'><strong>et</strong></span> <span class='ocrx_word' id='word_1_119' title='bbox 1498 1771 1986 1833; x_wconf 60' lang='lat' dir='ltr'><strong>Lacedaemonios</strong></span> <span class='ocrx_word' id='word_1_120' title='bbox 2026 1773 2347 1855; x_wconf 83' lang='lat' dir='ltr'><strong>sociosque</strong></span> <span class='ocrx_word' id='word_1_121' title='bbox 2386 1792 2597 1832; x_wconf 86' lang='lat' dir='ltr'><strong>eorum</strong></span> <span class='ocrx_word' id='word_1_122' title='bbox 2632 1769 3013 1834; x_wconf 74' lang='lat' dir='ltr'><strong>auctoribus</strong></span> 
     </span>
    </p>

    <p class='ocr_par' dir='ltr' id='par_1_4' title="bbox 394 1887 3007 1977">
     <span class='ocr_line' id='line_1_14' title="bbox 394 1887 3007 1977; baseline -0.003 -23"><span class='ocrx_word' id='word_1_123' title='bbox 394 1891 807 1972; x_wconf 75' lang='lat' dir='ltr'><strong>Tissapherne</strong></span> <span class='ocrx_word' id='word_1_124' title='bbox 867 1898 932 1950; x_wconf 90' lang='lat' dir='ltr'><strong>et</strong></span> <span class='ocrx_word' id='word_1_125' title='bbox 989 1889 1320 1951; x_wconf 86' lang='lat' dir='ltr'><strong>Chalcideo</strong></span> <span class='ocrx_word' id='word_1_126' title='bbox 1377 1890 1640 1971; x_wconf 82' lang='lat' dir='ltr'><strong>primum</strong></span> <span class='ocrx_word' id='word_1_127' title='bbox 1698 1890 1914 1950; x_wconf 83' lang='lat' dir='ltr'><strong>foedus</strong></span> <span class='ocrx_word' id='word_1_128' title='bbox 1971 1890 2157 1951; x_wconf 89' lang='lat' dir='ltr'><strong>ictum</strong></span> <span class='ocrx_word' id='word_1_129' title='bbox 2202 1896 2299 1977; x_wconf 79' lang='lat' dir='ltr'><strong>est</strong></span> <span class='ocrx_word' id='word_1_130' title='bbox 2356 1889 2452 1950; x_wconf 88' lang='lat' dir='ltr'><strong>his</strong></span> <span class='ocrx_word' id='word_1_131' title='bbox 2501 1887 3007 1959; x_wconf 78' lang='lat' dir='ltr'><strong>condicionibus,</strong></span> 
     </span>
    </p>

    <p class='ocr_par' dir='ltr' id='par_1_5' title="bbox 391 2001 3005 2091">
     <span class='ocr_line' id='line_1_15' title="bbox 391 2001 3005 2091; baseline -0.002 -20"><span class='ocrx_word' id='word_1_132' title='bbox 391 2018 464 2077; x_wconf 84' lang='lat' dir='ltr'><strong>ut</strong></span> <span class='ocrx_word' id='word_1_133' title='bbox 517 2001 903 2091; x_wconf 83' lang='lat' dir='ltr'><strong>quascunque</strong></span> <span class='ocrx_word' id='word_1_134' title='bbox 966 2007 1244 2088; x_wconf 76' lang='lat' dir='ltr'><strong>regiones</strong></span> <span class='ocrx_word' id='word_1_135' title='bbox 1307 2007 1569 2068; x_wconf 85' lang='lat' dir='ltr'><strong>urhesve</strong></span> <span class='ocrx_word' id='word_1_136' title='bbox 1631 2028 1744 2067; x_wconf 82' lang='lat' dir='ltr'><strong>rex</strong></span> <span class='ocrx_word' id='word_1_137' title='bbox 1798 2014 1861 2067; x_wconf 91' lang='lat' dir='ltr'><strong>et</strong></span> <span class='ocrx_word' id='word_1_138' title='bbox 1914 2004 2176 2087; x_wconf 84' lang='lat' dir='ltr'><strong>majores</strong></span> <span class='ocrx_word' id='word_1_139' title='bbox 2216 2007 2381 2089; x_wconf 74' lang='lat' dir='ltr'><strong>regis</strong></span> <span class='ocrx_word' id='word_1_140' title='bbox 2422 2007 2819 2080; x_wconf 88' lang='lat' dir='ltr'><strong>habuissent,</strong></span> <span class='ocrx_word' id='word_1_141' title='bbox 2894 2022 3005 2067; x_wconf 74' lang='lat' dir='ltr'><strong>eae</strong></span> 
     </span>
    </p>
   </div>
   <div class='ocr_carea' id='block_1_3' title="bbox 395 2124 3004 2208">
    <p class='ocr_par' dir='ltr' id='par_1_6' title="bbox 395 2124 3004 2208">
     <span class='ocr_line' id='line_1_16' title="bbox 395 2124 3004 2208; baseline -0.003 -17"><span class='ocrx_word' id='word_1_142' title='bbox 395 2127 563 2208; x_wconf 72' lang='lat' dir='ltr'><strong>regis</strong></span> <span class='ocrx_word' id='word_1_143' title='bbox 607 2132 852 2198; x_wconf 85' lang='lat' dir='ltr'><strong>essent3</strong></span> <span class='ocrx_word' id='word_1_144' title='bbox 899 2124 1216 2206; x_wconf 84' lang='lat' dir='ltr'><strong>quominus</strong></span> <span class='ocrx_word' id='word_1_145' title='bbox 1264 2124 1675 2186; x_wconf 84' lang='lat' dir='ltr'><strong>Athenienses</strong></span> <span class='ocrx_word' id='word_1_146' title='bbox 1712 2145 1789 2185; x_wconf 83' lang='lat' dir='ltr'><strong>ex</strong></span> <span class='ocrx_word' id='word_1_147' title='bbox 1828 2124 1955 2185; x_wconf 88' lang='lat' dir='ltr'><strong>illis</strong></span> <span class='ocrx_word' id='word_1_148' title='bbox 1997 2125 2226 2186; x_wconf 87' lang='lat' dir='ltr'><strong>tributa</strong></span> <span class='ocrx_word' id='word_1_149' title='bbox 2274 2126 2614 2207; x_wconf 72' lang='lat' dir='ltr'><strong>exigerent,</strong></span> <span class='ocrx_word' id='word_1_150' title='bbox 2658 2132 2722 2186; x_wconf 89' lang='lat' dir='ltr'><strong>et</strong></span> <span class='ocrx_word' id='word_1_151' title='bbox 2762 2145 2872 2185; x_wconf 83' lang='lat' dir='ltr'><strong>rex</strong></span> <span class='ocrx_word' id='word_1_152' title='bbox 2926 2129 3004 2183; x_wconf 80' lang='lat' dir='ltr'><strong>et</strong></span> 
     </span>
    </p>
   </div>
   <div class='ocr_carea' id='block_1_4' title="bbox 393 2228 3077 2324">
    <p class='ocr_par' dir='ltr' id='par_1_7' title="bbox 393 2228 3077 2324">
     <span class='ocr_line' id='line_1_17' title="bbox 393 2228 3077 2324; baseline -0.002 -17"><span class='ocrx_word' id='word_1_153' title='bbox 393 2243 838 2307; x_wconf 65' lang='lat' dir='ltr'><strong>Lacedaemonii</strong></span> <span class='ocrx_word' id='word_1_154' title='bbox 879 2243 1147 2324; x_wconf 89' lang='lat' dir='ltr'><strong>sociique</strong></span> <span class='ocrx_word' id='word_1_155' title='bbox 1191 2243 1589 2302; x_wconf 86' lang='lat' dir='ltr'><strong>communiter</strong></span> <span class='ocrx_word' id='word_1_156' title='bbox 1630 2242 2065 2324; x_wconf 73' lang='lat' dir='ltr'><strong>prohiberent,</strong></span> <span class='ocrx_word' id='word_1_157' title='bbox 2134 2243 2369 2305; x_wconf 87' lang='lat' dir='ltr'><strong>bellum</strong></span> <span class='ocrx_word' id='word_1_158' title='bbox 2410 2228 2547 2308; x_wconf 76' lang='lat' dir='ltr'><strong>cum</strong></span> <span class='ocrx_word' id='word_1_159' title='bbox 2591 2241 2997 2307; x_wconf 78' lang='lat' dir='ltr'><strong>Atheniensi-</strong></span> <span class='ocrx_word' id='word_1_160' title='bbox 3066 2297 3077 2302; x_wconf 85' lang='lat'><strong>-</strong></span> 
     </span>
    </p>
   </div>
   <div class='ocr_carea' id='block_1_5' title="bbox 394 2360 2996 2446">
    <p class='ocr_par' dir='ltr' id='par_1_8' title="bbox 394 2360 2996 2446">
     <span class='ocr_line' id='line_1_18' title="bbox 394 2360 2996 2446; baseline -0.001 -25"><span class='ocrx_word' id='word_1_161' title='bbox 394 2360 511 2422; x_wconf 85' lang='lat' dir='ltr'><strong>bus</strong></span> <span class='ocrx_word' id='word_1_162' title='bbox 555 2362 798 2442; x_wconf 81' lang='lat' dir='ltr'><strong>utrique</strong></span> <span class='ocrx_word' id='word_1_163' title='bbox 843 2360 1241 2420; x_wconf 84' lang='lat' dir='ltr'><strong>communiter</strong></span> <span class='ocrx_word' id='word_1_164' title='bbox 1299 2367 1621 2441; x_wconf 77' lang='lat' dir='ltr'><strong>gererent3</strong></span> <span class='ocrx_word' id='word_1_165' title='bbox 1690 2380 1845 2421; x_wconf 84' lang='lat' dir='ltr'><strong>neve</strong></span> <span class='ocrx_word' id='word_1_166' title='bbox 1866 2403 1888 2432; x_wconf 88' lang='lat'><strong>,</strong></span> <span class='ocrx_word' id='word_1_167' title='bbox 1956 2360 2077 2423; x_wconf 83' lang='lat' dir='ltr'><strong>nisi</strong></span> <span class='ocrx_word' id='word_1_168' title='bbox 2119 2362 2392 2446; x_wconf 81' lang='lat' dir='ltr'><strong>utrisque</strong></span> <span class='ocrx_word' id='word_1_169' title='bbox 2434 2361 2765 2444; x_wconf 77' lang='lat' dir='ltr'><strong>placuisset</strong></span> <span class='ocrx_word' id='word_1_170' title='bbox 2783 2404 2804 2433; x_wconf 92' lang='lat'><strong>,</strong></span> <span class='ocrx_word' id='word_1_171' title='bbox 2858 2380 2996 2441; x_wconf 82' lang='lat' dir='ltr'><strong>pax</strong></span> 
     </span>
    </p>
   </div>
   <div class='ocr_carea' id='block_1_6' title="bbox 285 2472 2993 2562">
    <p class='ocr_par' dir='ltr' id='par_1_9' title="bbox 285 2472 2993 2562">
     <span class='ocr_line' id='line_1_19' title="bbox 285 2472 2993 2562; baseline -0.001 -22"><span class='ocrx_word' id='word_1_172' title='bbox 285 2472 330 2531; x_wconf 39' lang='lat'><strong>³·</strong></span> <span class='ocrx_word' id='word_1_173' title='bbox 397 2484 902 2561; x_wconf 83' lang='lat' dir='ltr'><strong>componeretur3</strong></span> <span class='ocrx_word' id='word_1_174' title='bbox 985 2478 1037 2538; x_wconf 89' lang='lat' dir='ltr'><strong>si</strong></span> <span class='ocrx_word' id='word_1_175' title='bbox 1093 2478 1228 2558; x_wconf 87' lang='lat' dir='ltr'><strong>quis</strong></span> <span class='ocrx_word' id='word_1_176' title='bbox 1285 2500 1322 2537; x_wconf 90' lang='lat' dir='ltr'><strong>a</strong></span> <span class='ocrx_word' id='word_1_177' title='bbox 1381 2499 1526 2559; x_wconf 80' lang='lat' dir='ltr'><strong>rege</strong></span> <span class='ocrx_word' id='word_1_178' title='bbox 1581 2477 1939 2550; x_wconf 84' lang='lat' dir='ltr'><strong>defecisset,</strong></span> <span class='ocrx_word' id='word_1_179' title='bbox 2010 2477 2452 2540; x_wconf 80' lang='lat' dir='ltr'><strong>Lacedaemonii</strong></span> <span class='ocrx_word' id='word_1_180' title='bbox 2511 2480 2786 2562; x_wconf 84' lang='lat' dir='ltr'><strong>sociique</strong></span> <span class='ocrx_word' id='word_1_181' title='bbox 2841 2498 2993 2539; x_wconf 85' lang='lat' dir='ltr'><strong>eum</strong></span> 
     </span>
    </p>
   </div>
   <div class='ocr_carea' id='block_1_7' title="bbox 391 2595 3066 4337">
    <p class='ocr_par' dir='ltr' id='par_1_10' title="bbox 391 2595 3066 4337">
     <span class='ocr_line' id='line_1_20' title="bbox 394 2595 2991 2681; baseline 0 -25"><span class='ocrx_word' id='word_1_182' title='bbox 394 2596 564 2657; x_wconf 84' lang='lat' dir='ltr'><strong>bello</strong></span> <span class='ocrx_word' id='word_1_183' title='bbox 607 2601 1147 2677; x_wconf 83' lang='lat' dir='ltr'><strong>persequerentur,</strong></span> <span class='ocrx_word' id='word_1_184' title='bbox 1193 2596 1246 2655; x_wconf 89' lang='lat' dir='ltr'><strong>si</strong></span> <span class='ocrx_word' id='word_1_185' title='bbox 1280 2596 1415 2681; x_wconf 88' lang='lat' dir='ltr'><strong>quis</strong></span> <span class='ocrx_word' id='word_1_186' title='bbox 1457 2617 1490 2655; x_wconf 88' lang='lat' dir='ltr'><strong>a</strong></span> <span class='ocrx_word' id='word_1_187' title='bbox 1529 2596 1999 2657; x_wconf 62' lang='lat' dir='ltr'><strong>Lacedaemoniis</strong></span> <span class='ocrx_word' id='word_1_188' title='bbox 2043 2598 2297 2658; x_wconf 84' lang='lat' dir='ltr'><strong>sociisve</strong></span> <span class='ocrx_word' id='word_1_189' title='bbox 2317 2640 2340 2669; x_wconf 96' lang='lat'><strong>,</strong></span> <span class='ocrx_word' id='word_1_190' title='bbox 2381 2596 2547 2657; x_wconf 87' lang='lat' dir='ltr'><strong>idem</strong></span> <span class='ocrx_word' id='word_1_191' title='bbox 2582 2598 2743 2678; x_wconf 77' lang='lat' dir='ltr'><strong>regis</strong></span> <span class='ocrx_word' id='word_1_192' title='bbox 2788 2595 2991 2656; x_wconf 76' lang='lat' dir='ltr'><strong>hostis</strong></span> 
     </span>
     <span class='ocr_line' id='line_1_21' title="bbox 393 2712 2985 2800; baseline 0 -25"><span class='ocrx_word' id='word_1_193' title='bbox 393 2722 562 2776; x_wconf 87' lang='lat' dir='ltr'><strong>esset</strong></span> <span class='ocrx_word' id='word_1_194' title='bbox 648 2713 878 2795; x_wconf 84' lang='lat' dir='ltr'><strong>(Thue.</strong></span> <span class='ocrx_word' id='word_1_195' title='bbox 928 2712 1108 2784; x_wconf 89' lang='lat' dir='ltr'>VIII,</span> <span class='ocrx_word' id='word_1_196' title='bbox 1156 2714 1288 2793; x_wconf 89' lang='grc'>18).</span> <span class='ocrx_word' id='word_1_197' title='bbox 1387 2713 1600 2795; x_wconf 84' lang='lat' dir='ltr'><strong>(Quod</strong></span> <span class='ocrx_word' id='word_1_198' title='bbox 1646 2715 1859 2774; x_wconf 80' lang='lat' dir='ltr'><strong>foedus</strong></span> <span class='ocrx_word' id='word_1_199' title='bbox 1903 2715 2157 2795; x_wconf 81' lang='lat' dir='ltr'><strong>posthac</strong></span> <span class='ocrx_word' id='word_1_200' title='bbox 2197 2724 2555 2779; x_wconf 82' lang='lat' dir='ltr'><strong>renovatum</strong></span> <span class='ocrx_word' id='word_1_201' title='bbox 2596 2717 2745 2800; x_wconf 84' lang='lat' dir='ltr'><strong>(Th.</strong></span> <span class='ocrx_word' id='word_1_202' title='bbox 2792 2715 2985 2786; x_wconf 88' lang='lat' dir='ltr'>VIII,</span> 
     </span>
     <span class='ocr_line' id='line_1_22' title="bbox 395 2827 3066 2917; baseline 0.002 -28"><span class='ocrx_word' id='word_1_203' title='bbox 395 2830 540 2912; x_wconf 75' lang='lat'><strong>36),</strong></span> <span class='ocrx_word' id='word_1_204' title='bbox 589 2853 628 2890; x_wconf 84' lang='lat' dir='ltr'><strong>a</strong></span> <span class='ocrx_word' id='word_1_205' title='bbox 669 2829 858 2890; x_wconf 87' lang='lat' dir='ltr'><strong>Licha</strong></span> <span class='ocrx_word' id='word_1_206' title='bbox 901 2827 1198 2910; x_wconf 88' lang='lat' dir='ltr'><strong>rejectum</strong></span> <span class='ocrx_word' id='word_1_207' title='bbox 1265 2831 1346 2912; x_wconf 92' lang='lat' dir='ltr'><strong>(c.</strong></span> <span class='ocrx_word' id='word_1_208' title='bbox 1392 2831 1529 2914; x_wconf 77' lang='lat'><strong>43),</strong></span> <span class='ocrx_word' id='word_1_209' title='bbox 1573 2831 1815 2893; x_wconf 88' lang='lat' dir='ltr'><strong>demum</strong></span> <span class='ocrx_word' id='word_1_210' title='bbox 1852 2841 2181 2894; x_wconf 78' lang='lat' dir='ltr'><strong>renovatur</strong></span> <span class='ocrx_word' id='word_1_211' title='bbox 2220 2834 2302 2916; x_wconf 87' lang='lat' dir='ltr'><strong>(e.</strong></span> <span class='ocrx_word' id='word_1_212' title='bbox 2351 2835 2439 2898; x_wconf 74' lang='lat'><strong>57</strong></span> <span class='ocrx_word' id='word_1_213' title='bbox 2482 2835 2647 2917; x_wconf 89' lang='lat' dir='ltr'><strong>seq.)</strong></span> <span class='ocrx_word' id='word_1_214' title='bbox 2692 2857 2748 2894; x_wconf 81' lang='lat' dir='ltr'><strong>a.</strong></span> <span class='ocrx_word' id='word_1_215' title='bbox 2794 2833 2983 2915; x_wconf 82' lang='lat'>411).</span> <span class='ocrx_word' id='word_1_216' title='bbox 3062 2908 3066 2916; x_wconf 24' lang='lat'>⁵</span> 
     </span>
     <span class='ocr_line' id='line_1_23' title="bbox 663 2921 2989 3033; baseline 0.003 -27"><span class='ocrx_word' id='word_1_217' title='bbox 663 2948 808 3007; x_wconf 90' lang='lat' dir='ltr'><strong>Hoc</strong></span> <span class='ocrx_word' id='word_1_218' title='bbox 861 2947 1111 3008; x_wconf 85' lang='lat' dir='ltr'><strong>foedere</strong></span> <span class='ocrx_word' id='word_1_219' title='bbox 1163 2949 1360 3008; x_wconf 88' lang='lat' dir='ltr'><strong>media</strong></span> <span class='ocrx_word' id='word_1_220' title='bbox 1419 2921 1550 3010; x_wconf 63' lang='lat' dir='ltr'><strong>fei-e</strong></span> <span class='ocrx_word' id='word_1_221' title='bbox 1593 2956 1799 3010; x_wconf 82' lang='lat' dir='ltr'><strong>aestate</strong></span> <span class='ocrx_word' id='word_1_222' title='bbox 1855 2950 2015 3010; x_wconf 83' lang='lat' dir='ltr'><strong>facto</strong></span> <span class='ocrx_word' id='word_1_223' title='bbox 2064 2951 2293 3032; x_wconf 73' lang='lat' dir='ltr'><strong>(Thuc-</strong></span> <span class='ocrx_word' id='word_1_224' title='bbox 2348 2951 2506 3014; x_wconf 88' lang='lat' dir='ltr'>VIII</span> <span class='ocrx_word' id='word_1_225' title='bbox 2522 2985 2546 3024; x_wconf 78' lang='lat'><strong>,</strong></span> <span class='ocrx_word' id='word_1_226' title='bbox 2614 2951 2723 3033; x_wconf 75' lang='lat'><strong>22)</strong></span> <span class='ocrx_word' id='word_1_227' title='bbox 2741 2967 2777 3024; x_wconf 83' lang='lat'><strong>,·</strong></span> <span class='ocrx_word' id='word_1_228' title='bbox 2838 2950 2989 3012; x_wconf 84' lang='lat' dir='ltr'><strong>Chii</strong></span> 
     </span>
     <span class='ocr_line' id='line_1_24' title="bbox 397 3064 2991 3151; baseline 0 -24"><span class='ocrx_word' id='word_1_229' title='bbox 397 3064 604 3127; x_wconf 86' lang='lat' dir='ltr'><strong>statim</strong></span> <span class='ocrx_word' id='word_1_230' title='bbox 663 3064 730 3124; x_wconf 91' lang='lat' dir='ltr'><strong>X</strong></span> <span class='ocrx_word' id='word_1_231' title='bbox 786 3065 1040 3126; x_wconf 80' lang='lat' dir='ltr'><strong>navibus</strong></span> <span class='ocrx_word' id='word_1_232' title='bbox 1093 3067 1334 3126; x_wconf 85' lang='lat' dir='ltr'><strong>armatis</strong></span> <span class='ocrx_word' id='word_1_233' title='bbox 1396 3065 1590 3127; x_wconf 86' lang='lat' dir='ltr'><strong>Anaea</strong></span> <span class='ocrx_word' id='word_1_234' title='bbox 1644 3065 1937 3151; x_wconf 74' lang='lat' dir='ltr'><strong>(portum</strong></span> <span class='ocrx_word' id='word_1_235' title='bbox 1999 3069 2298 3150; x_wconf 81' lang='lat' dir='ltr'><strong>quendam</strong></span> <span class='ocrx_word' id='word_1_236' title='bbox 2350 3091 2429 3130; x_wconf 82' lang='lat' dir='ltr'><strong>ex</strong></span> <span class='ocrx_word' id='word_1_237' title='bbox 2490 3067 2749 3130; x_wconf 81' lang='lat' dir='ltr'><strong>adverso</strong></span> <span class='ocrx_word' id='word_1_238' title='bbox 2813 3068 2991 3130; x_wconf 87' lang='lat' dir='ltr'><strong>Sami</strong></span> 
     </span>
     <span class='ocr_line' id='line_1_25' title="bbox 395 3180 2989 3269; baseline 0.002 -27"><span class='ocrx_word' id='word_1_239' title='bbox 395 3183 617 3255; x_wconf 88' lang='lat' dir='ltr'><strong>situm,</strong></span> <span class='ocrx_word' id='word_1_240' title='bbox 693 3182 912 3264; x_wconf 88' lang='lat' dir='ltr'><strong>Steph.</strong></span> <span class='ocrx_word' id='word_1_241' title='bbox 961 3180 1112 3266; x_wconf 75' lang='lat' dir='ltr'><strong>Byz.</strong></span> <span class='ocrx_word' id='word_1_242' title='bbox 1161 3206 1214 3245; x_wconf 90' lang='lat' dir='ltr'><strong>s.</strong></span> <span class='ocrx_word' id='word_1_243' title='bbox 1261 3185 1355 3267; x_wconf 79' lang='lat' dir='ltr'><strong>v.)</strong></span> <span class='ocrx_word' id='word_1_244' title='bbox 1402 3185 1783 3266; x_wconf 78' lang='lat' dir='ltr'><strong>navigarunt,</strong></span> <span class='ocrx_word' id='word_1_245' title='bbox 1832 3193 1901 3246; x_wconf 86' lang='lat' dir='ltr'><strong>ut</strong></span> <span class='ocrx_word' id='word_1_246' title='bbox 1940 3196 2005 3246; x_wconf 87' lang='lat' dir='ltr'><strong>et</strong></span> <span class='ocrx_word' id='word_1_247' title='bbox 2046 3206 2147 3246; x_wconf 90' lang='lat' dir='ltr'><strong>res</strong></span> <span class='ocrx_word' id='word_1_248' title='bbox 2193 3186 2395 3250; x_wconf 83' lang='lat' dir='ltr'><strong>Mileti</strong></span> <span class='ocrx_word' id='word_1_249' title='bbox 2438 3194 2877 3269; x_wconf 74' lang='lat' dir='ltr'><strong>cognoscerent</strong></span> <span class='ocrx_word' id='word_1_250' title='bbox 2920 3192 2989 3248; x_wconf 83' lang='lat' dir='ltr'><strong>et</strong></span> 
     </span>
     <span class='ocr_line' id='line_1_26' title="bbox 394 3299 2989 3385; baseline 0.001 -22"><span class='ocrx_word' id='word_1_251' title='bbox 394 3299 546 3363; x_wconf 82' lang='lat' dir='ltr'><strong>alias</strong></span> <span class='ocrx_word' id='word_1_252' title='bbox 589 3299 769 3360; x_wconf 88' lang='lat' dir='ltr'><strong>simul</strong></span> <span class='ocrx_word' id='word_1_253' title='bbox 813 3299 996 3361; x_wconf 89' lang='lat' dir='ltr'><strong>urbes</strong></span> <span class='ocrx_word' id='word_1_254' title='bbox 1037 3302 1470 3362; x_wconf 73' lang='lat' dir='ltr'><strong>abalienat-ent.</strong></span> <span class='ocrx_word' id='word_1_255' title='bbox 1600 3303 1747 3372; x_wconf 75' lang='lat' dir='ltr'><strong>sed</strong></span> <span class='ocrx_word' id='word_1_256' title='bbox 1786 3325 1971 3385; x_wconf 89' lang='lat' dir='ltr'><strong>quum</strong></span> <span class='ocrx_word' id='word_1_257' title='bbox 2028 3327 2067 3364; x_wconf 84' lang='lat' dir='ltr'><strong>a</strong></span> <span class='ocrx_word' id='word_1_258' title='bbox 2112 3304 2441 3367; x_wconf 85' lang='lat' dir='ltr'><strong>Chalcideo</strong></span> <span class='ocrx_word' id='word_1_259' title='bbox 2498 3306 2744 3367; x_wconf 84' lang='lat' dir='ltr'><strong>nuntius</strong></span> <span class='ocrx_word' id='word_1_260' title='bbox 2780 3304 2989 3366; x_wconf 80' lang='lat' dir='ltr'><strong>venis-</strong></span> 
     </span>
     <span class='ocr_line' id='line_1_27' title="bbox 397 3417 2985 3504; baseline 0.003 -28"><span class='ocrx_word' id='word_1_261' title='bbox 397 3424 518 3489; x_wconf 87' lang='lat' dir='ltr'><strong>set,</strong></span> <span class='ocrx_word' id='word_1_262' title='bbox 563 3423 632 3476; x_wconf 88' lang='lat' dir='ltr'><strong>ut</strong></span> <span class='ocrx_word' id='word_1_263' title='bbox 670 3417 968 3492; x_wconf 82' lang='lat' dir='ltr'><strong>redirent,</strong></span> <span class='ocrx_word' id='word_1_264' title='bbox 1012 3420 1176 3501; x_wconf 89' lang='lat' dir='ltr'><strong>quod</strong></span> <span class='ocrx_word' id='word_1_265' title='bbox 1218 3419 1516 3502; x_wconf 75' lang='lat' dir='ltr'><strong>Amorges</strong></span> <span class='ocrx_word' id='word_1_266' title='bbox 1552 3424 1945 3484; x_wconf 83' lang='lat' dir='ltr'><strong>terrestribus</strong></span> <span class='ocrx_word' id='word_1_267' title='bbox 1992 3424 2183 3504; x_wconf 87' lang='lat' dir='ltr'><strong>copiis</strong></span> <span class='ocrx_word' id='word_1_268' title='bbox 2218 3424 2394 3486; x_wconf 81' lang='lat' dir='ltr'><strong>brevi</strong></span> <span class='ocrx_word' id='word_1_269' title='bbox 2433 3424 2803 3486; x_wconf 84' lang='lat' dir='ltr'><strong>adventurus</strong></span> <span class='ocrx_word' id='word_1_270' title='bbox 2842 3428 2985 3484; x_wconf 81' lang='lat' dir='ltr'><strong>es&#39;se</strong></span> 
     </span>
     <span class='ocr_line' id='line_1_28' title="bbox 391 3519 2989 3626; baseline 0.002 -29"><span class='ocrx_word' id='word_1_271' title='bbox 391 3534 748 3606; x_wconf 64' lang='lat' dir='ltr'><strong>videretur,</strong></span> <span class='ocrx_word' id='word_1_272' title='bbox 791 3535 868 3595; x_wconf 85' lang='lat' dir='ltr'><strong>ad</strong></span> <span class='ocrx_word' id='word_1_273' title='bbox 915 3528 1076 3608; x_wconf 75' lang='grc' dir='ltr'><strong>Διός</strong></span> <span class='ocrx_word' id='word_1_274' title='bbox 1119 3526 1302 3620; x_wconf 76' lang='grc' dir='ltr'><em>ἱερόν</em></span> <span class='ocrx_word' id='word_1_275' title='bbox 1319 3583 1348 3626; x_wconf 11' lang='lat'><strong>,⁴</strong></span> <span class='ocrx_word' id='word_1_276' title='bbox 1407 3539 1697 3619; x_wconf 85' lang='lat' dir='ltr'><strong>oppidum</strong></span> <span class='ocrx_word' id='word_1_277' title='bbox 1736 3541 1936 3602; x_wconf 77' lang='lat' dir='ltr'><strong>Joniae</strong></span> <span class='ocrx_word' id='word_1_278' title='bbox 1978 3519 2516 3625; x_wconf 29' lang='lat' dir='ltr'><strong>(iuter-Lebedum</strong></span> <span class='ocrx_word' id='word_1_279' title='bbox 2558 3549 2625 3606; x_wconf 90' lang='lat' dir='ltr'><strong>et</strong></span> <span class='ocrx_word' id='word_1_280' title='bbox 2665 3541 2989 3623; x_wconf 84' lang='lat' dir='ltr'><strong>Colopho-</strong></span> 
     </span>
     <span class='ocr_line' id='line_1_29' title="bbox 393 3649 2986 3744; baseline 0.003 -29"><span class='ocrx_word' id='word_1_281' title='bbox 393 3674 560 3725; x_wconf 84' lang='lat' dir='ltr'><strong>nem,</strong></span> <span class='ocrx_word' id='word_1_282' title='bbox 609 3651 828 3734; x_wconf 87' lang='lat' dir='ltr'><strong>Steph.</strong></span> <span class='ocrx_word' id='word_1_283' title='bbox 873 3649 1026 3734; x_wconf 77' lang='lat' dir='ltr'><strong>Byz.</strong></span> <span class='ocrx_word' id='word_1_284' title='bbox 1073 3672 1126 3713; x_wconf 88' lang='lat' dir='ltr'><strong>s.</strong></span> <span class='ocrx_word' id='word_1_285' title='bbox 1172 3655 1266 3738; x_wconf 81' lang='lat' dir='ltr'><strong>v.)</strong></span> <span class='ocrx_word' id='word_1_286' title='bbox 1311 3677 1560 3744; x_wconf 34' lang='lat' dir='ltr'><strong>cursum·</strong></span> <span class='ocrx_word' id='word_1_287' title='bbox 1593 3657 1973 3739; x_wconf 81' lang='lat' dir='ltr'><strong>dirigebant3</strong></span> <span class='ocrx_word' id='word_1_288' title='bbox 2022 3658 2133 3720; x_wconf 88' lang='lat' dir='ltr'><strong>sed</strong></span> <span class='ocrx_word' id='word_1_289' title='bbox 2178 3661 2517 3742; x_wconf 87' lang='lat' dir='ltr'><strong>conspectis</strong></span> <span class='ocrx_word' id='word_1_290' title='bbox 2558 3662 2656 3724; x_wconf 84' lang='lat' dir='ltr'><strong>XI</strong></span> <span class='ocrx_word' id='word_1_291' title='bbox 2697 3652 2986 3736; x_wconf 75' lang='lat' dir='ltr'><strong>navibus,</strong></span> 
     </span>
     <span class='ocr_line' id='line_1_30' title="bbox 391 3770 2983 3861; baseline 0.002 -27"><span class='ocrx_word' id='word_1_292' title='bbox 391 3771 804 3834; x_wconf 87' lang='lat' dir='ltr'><strong>Diomedonte</strong></span> <span class='ocrx_word' id='word_1_293' title='bbox 861 3770 1015 3832; x_wconf 89' lang='lat' dir='ltr'><strong>duce</strong></span> <span class='ocrx_word' id='word_1_294' title='bbox 1073 3771 1150 3833; x_wconf 87' lang='lat' dir='ltr'><strong>ab</strong></span> <span class='ocrx_word' id='word_1_295' title='bbox 1192 3770 1454 3834; x_wconf 89' lang='lat' dir='ltr'><strong>Athenis</strong></span> <span class='ocrx_word' id='word_1_296' title='bbox 1504 3775 1703 3836; x_wconf 87' lang='lat' dir='ltr'><strong>missis</strong></span> <span class='ocrx_word' id='word_1_297' title='bbox 1720 3819 1742 3848; x_wconf 89' lang='lat'><strong>,</strong></span> <span class='ocrx_word' id='word_1_298' title='bbox 1814 3777 2101 3838; x_wconf 85' lang='lat' dir='ltr'><strong>Ghiarum</strong></span> <span class='ocrx_word' id='word_1_299' title='bbox 2160 3779 2403 3841; x_wconf 85' lang='lat' dir='ltr'><strong>navium</strong></span> <span class='ocrx_word' id='word_1_300' title='bbox 2466 3802 2585 3841; x_wconf 88' lang='lat' dir='ltr'><strong>una</strong></span> <span class='ocrx_word' id='word_1_301' title='bbox 2636 3780 2983 3861; x_wconf 82' lang='lat' dir='ltr'><strong>Ephesum,</strong></span> 
     </span>
     <span class='ocr_line' id='line_1_31' title="bbox 391 3889 2989 3980; baseline 0.003 -28"><span class='ocrx_word' id='word_1_302' title='bbox 391 3896 614 3952; x_wconf 80' lang='lat' dir='ltr'><strong>eeterae</strong></span> <span class='ocrx_word' id='word_1_303' title='bbox 673 3890 850 3950; x_wconf 87' lang='lat' dir='ltr'><strong>Teon</strong></span> <span class='ocrx_word' id='word_1_304' title='bbox 907 3889 1193 3970; x_wconf 71' lang='lat' dir='ltr'><strong>fugerunt</strong></span> <span class='ocrx_word' id='word_1_305' title='bbox 1212 3933 1234 3964; x_wconf 88' lang='lat'><strong>,</strong></span> <span class='ocrx_word' id='word_1_306' title='bbox 1297 3891 1390 3952; x_wconf 84' lang='lat' dir='ltr'><strong>lv</strong></span> <span class='ocrx_word' id='word_1_307' title='bbox 1448 3913 1667 3954; x_wconf 82' lang='lat' dir='ltr'><strong>vacuas</strong></span> <span class='ocrx_word' id='word_1_308' title='bbox 1725 3895 1874 3976; x_wconf 88' lang='lat' dir='ltr'><strong>ipsis</strong></span> <span class='ocrx_word' id='word_1_309' title='bbox 1919 3895 2064 3957; x_wconf 83' lang='lat' dir='ltr'><strong>viris</strong></span> <span class='ocrx_word' id='word_1_310' title='bbox 2110 3899 2251 3979; x_wconf 74' lang='lat' dir='ltr'><strong>fuga</strong></span> <span class='ocrx_word' id='word_1_311' title='bbox 2311 3897 2533 3980; x_wconf 86' lang='lat' dir='ltr'><strong>elapsis</strong></span> <span class='ocrx_word' id='word_1_312' title='bbox 2575 3897 2989 3960; x_wconf 80' lang='lat' dir='ltr'><strong>Athenienses</strong></span> 
     </span>
     <span class='ocr_line' id='line_1_32' title="bbox 392 4004 2984 4098; baseline 0.004 -30"><span class='ocrx_word' id='word_1_313' title='bbox 392 4013 708 4087; x_wconf 74' lang='lat' dir='ltr'><strong>ceperunt.</strong></span> <span class='ocrx_word' id='word_1_314' title='bbox 795 4007 1035 4068; x_wconf 86' lang='lat' dir='ltr'><strong>Deinde</strong></span> <span class='ocrx_word' id='word_1_315' title='bbox 1091 4029 1277 4090; x_wconf 82' lang='lat' dir='ltr'><strong>quum</strong></span> <span class='ocrx_word' id='word_1_316' title='bbox 1321 4007 1725 4072; x_wconf 80' lang='lat' dir='ltr'><strong>Athenienses</strong></span> <span class='ocrx_word' id='word_1_317' title='bbox 1778 4015 2022 4074; x_wconf 84' lang='lat' dir='ltr'><strong>Samum</strong></span> <span class='ocrx_word' id='word_1_318' title='bbox 2068 4035 2135 4075; x_wconf 90' lang='lat' dir='ltr'><strong>se</strong></span> <span class='ocrx_word' id='word_1_319' title='bbox 2174 4016 2550 4098; x_wconf 86' lang='lat' dir='ltr'><strong>recepissent</strong></span> <span class='ocrx_word' id='word_1_320' title='bbox 2567 4061 2589 4090; x_wconf 86' lang='lat'><strong>,</strong></span> <span class='ocrx_word' id='word_1_321' title='bbox 2656 4016 2799 4080; x_wconf 82' lang='lat' dir='ltr'><strong>Chii</strong></span> <span class='ocrx_word' id='word_1_322' title='bbox 2839 4004 2984 4078; x_wconf 82' lang='lat' dir='ltr'><strong>eum</strong></span> 
     </span>
     <span class='ocr_line' id='line_1_33' title="bbox 391 4123 2984 4218; baseline 0.004 -33"><span class='ocrx_word' id='word_1_323' title='bbox 391 4123 612 4185; x_wconf 83' lang='lat' dir='ltr'><strong>ceteris</strong></span> <span class='ocrx_word' id='word_1_324' title='bbox 675 4124 928 4185; x_wconf 83' lang='lat' dir='ltr'><strong>navibus</strong></span> <span class='ocrx_word' id='word_1_325' title='bbox 980 4126 1240 4205; x_wconf 77' lang='lat' dir='ltr'><strong>profecti</strong></span> <span class='ocrx_word' id='word_1_326' title='bbox 1285 4127 1598 4190; x_wconf 84' lang='lat' dir='ltr'><strong>Lebedum</strong></span> <span class='ocrx_word' id='word_1_327' title='bbox 1652 4137 1715 4190; x_wconf 91' lang='lat' dir='ltr'><strong>et</strong></span> <span class='ocrx_word' id='word_1_328' title='bbox 1763 4133 1916 4194; x_wconf 88' lang='lat' dir='ltr'><strong>Eras</strong></span> <span class='ocrx_word' id='word_1_329' title='bbox 1978 4155 2013 4193; x_wconf 88' lang='lat' dir='ltr'><strong>a</strong></span> <span class='ocrx_word' id='word_1_330' title='bbox 2072 4134 2347 4215; x_wconf 86' lang='lat' dir='ltr'><strong>peditatu</strong></span> <span class='ocrx_word' id='word_1_331' title='bbox 2403 4135 2863 4218; x_wconf 78' lang='lat' dir='ltr'><strong>Erythraeorum</strong></span> <span class='ocrx_word' id='word_1_332' title='bbox 2918 4141 2984 4196; x_wconf 86' lang='lat' dir='ltr'><strong>et</strong></span> 
     </span>
     <span class='ocr_line' id='line_1_34' title="bbox 395 4239 2978 4337; baseline 0.004 -34"><span class='ocrx_word' id='word_1_333' title='bbox 395 4239 920 4304; x_wconf 79' lang='lat' dir='ltr'><strong>Clazomeniorum</strong></span> <span class='ocrx_word' id='word_1_334' title='bbox 961 4242 1153 4324; x_wconf 82' lang='lat' dir='ltr'><strong>adjuti</strong></span> <span class='ocrx_word' id='word_1_335' title='bbox 1173 4287 1195 4318; x_wconf 89' lang='lat'><strong>,</strong></span> <span class='ocrx_word' id='word_1_336' title='bbox 1266 4244 1346 4306; x_wconf 85' lang='lat' dir='ltr'><strong>ad</strong></span> <span class='ocrx_word' id='word_1_337' title='bbox 1398 4246 1797 4311; x_wconf 83' lang='lat' dir='ltr'><strong>defectionem</strong></span> <span class='ocrx_word' id='word_1_338' title='bbox 1852 4253 2259 4316; x_wconf 85' lang='lat' dir='ltr'><strong>adduxerunt.</strong></span> <span class='ocrx_word' id='word_1_339' title='bbox 2281 4253 2401 4337; x_wconf 70' lang='lat'><strong>11⁴7)</strong></span> <span class='ocrx_word' id='word_1_340' title='bbox 2498 4253 2740 4332; x_wconf 79' lang='lat' dir='ltr'><strong>Quibus</strong></span> <span class='ocrx_word' id='word_1_341' title='bbox 2788 4253 2978 4315; x_wconf 85' lang='lat' dir='ltr'><strong>rebus</strong></span> 
     </span>
    </p>
   </div>
   <div class='ocr_carea' id='block_1_8' title="bbox 390 4441 2977 4818">
    <p class='ocr_par' dir='ltr' id='par_1_11' title="bbox 390 4441 2977 4818">
     <span class='ocr_line' id='line_1_35' title="bbox 515 4441 2977 4528; baseline 0.006 -35"><span class='ocrx_word' id='word_1_342' title='bbox 515 4441 634 4528; x_wconf 28' lang='lat'>·¹¹&#39;‘)</span> <span class='ocrx_word' id='word_1_343' title='bbox 705 4442 798 4498; x_wconf 83' lang='lat' dir='ltr'><strong>cf.</strong></span> <span class='ocrx_word' id='word_1_344' title='bbox 844 4443 1075 4512; x_wconf 77' lang='lat' dir='ltr'><strong>Kriiger</strong></span> <span class='ocrx_word' id='word_1_345' title='bbox 1128 4444 1170 4497; x_wconf 88' lang='lat' dir='ltr'><strong>l.</strong></span> <span class='ocrx_word' id='word_1_346' title='bbox 1223 4445 1265 4498; x_wconf 91' lang='grc'><strong>1.</strong></span> <span class='ocrx_word' id='word_1_347' title='bbox 1315 4463 1368 4514; x_wconf 85' lang='lat' dir='ltr'><strong>p.</strong></span> <span class='ocrx_word' id='word_1_348' title='bbox 1407 4445 1514 4500; x_wconf 79' lang='lat'><strong>293</strong></span> <span class='ocrx_word' id='word_1_349' title='bbox 1547 4465 1667 4516; x_wconf 86' lang='lat' dir='ltr'><strong>seq.</strong></span> <span class='ocrx_word' id='word_1_350' title='bbox 1718 4455 1775 4504; x_wconf 84' lang='lat' dir='ltr'><strong>et</strong></span> <span class='ocrx_word' id='word_1_351' title='bbox 1824 4451 2057 4506; x_wconf 82' lang='lat' dir='ltr'><strong>Goeller</strong></span> <span class='ocrx_word' id='word_1_352' title='bbox 2108 4455 2177 4508; x_wconf 82' lang='lat' dir='ltr'><strong>nd</strong></span> <span class='ocrx_word' id='word_1_353' title='bbox 2228 4455 2287 4509; x_wconf 85' lang='lat' dir='ltr'><strong>h.</strong></span> <span class='ocrx_word' id='word_1_354' title='bbox 2327 4456 2368 4507; x_wconf 93' lang='lat' dir='ltr'><strong>l.</strong></span> <span class='ocrx_word' id='word_1_355' title='bbox 2420 4456 2514 4526; x_wconf 81' lang='lat' dir='ltr'><strong>qui</strong></span> <span class='ocrx_word' id='word_1_356' title='bbox 2562 4454 2977 4509; x_wconf 82' lang='lat' dir='ltr'><strong>Heilmaunum</strong></span> 
     </span>
     <span class='ocr_line' id='line_1_36' title="bbox 393 4535 2973 4618; baseline 0.005 -32"><span class='ocrx_word' id='word_1_357' title='bbox 393 4539 561 4604; x_wconf 75' lang='lat' dir='ltr'><strong>putat</strong></span> <span class='ocrx_word' id='word_1_358' title='bbox 609 4539 764 4587; x_wconf 80' lang='lat' dir='ltr'><strong>recte</strong></span> <span class='ocrx_word' id='word_1_359' title='bbox 813 4535 874 4586; x_wconf 88' lang='lat' dir='ltr'><strong>h.</strong></span> <span class='ocrx_word' id='word_1_360' title='bbox 923 4535 963 4588; x_wconf 90' lang='grc'><strong>1.</strong></span> <span class='ocrx_word' id='word_1_361' title='bbox 1020 4535 1101 4590; x_wconf 75' lang='lat' dir='ltr'><strong>ita</strong></span> <span class='ocrx_word' id='word_1_362' title='bbox 1152 4537 1417 4592; x_wconf 82' lang='lat' dir='ltr'><strong>vertisse:</strong></span> <span class='ocrx_word' id='word_1_363' title='bbox 1509 4539 1653 4594; x_wconf 87' lang='lat' dir='ltr'><strong>”Die</strong></span> <span class='ocrx_word' id='word_1_364' title='bbox 1704 4542 1877 4598; x_wconf 81' lang='lat' dir='ltr'><strong>Chier</strong></span> <span class='ocrx_word' id='word_1_365' title='bbox 1926 4546 2065 4598; x_wconf 81' lang='lat' dir='ltr'><strong>aber</strong></span> <span class='ocrx_word' id='word_1_366' title='bbox 2120 4546 2331 4618; x_wconf 78' lang='lat' dir='ltr'><strong>gingen</strong></span> <span class='ocrx_word' id='word_1_367' title='bbox 2385 4548 2491 4602; x_wconf 78' lang='lat' dir='ltr'><strong>mit</strong></span> <span class='ocrx_word' id='word_1_368' title='bbox 2526 4547 2690 4602; x_wconf 83' lang='lat' dir='ltr'><strong>ibren</strong></span> <span class='ocrx_word' id='word_1_369' title='bbox 2750 4548 2973 4603; x_wconf 74' lang='lat' dir='ltr'><strong>annor-h</strong></span> 
     </span>
     <span class='ocr_line' id='line_1_37' title="bbox 395 4625 2973 4710; baseline 0.006 -33"><span class='ocrx_word' id='word_1_370' title='bbox 395 4625 760 4697; x_wconf 69' lang='lat' dir='ltr'><strong>vorrz‘ithigen</strong></span> <span class='ocrx_word' id='word_1_371' title='bbox 802 4626 1088 4691; x_wconf 75' lang='lat' dir='ltr'><strong>Schiffen,</strong></span> <span class='ocrx_word' id='word_1_372' title='bbox 1147 4631 1259 4694; x_wconf 78' lang='lat' dir='ltr'><strong>anf</strong></span> <span class='ocrx_word' id='word_1_373' title='bbox 1305 4633 1506 4685; x_wconf 76' lang='lat' dir='ltr'><strong>welche</strong></span> <span class='ocrx_word' id='word_1_374' title='bbox 1551 4635 1634 4686; x_wconf 73' lang='lat' dir='ltr'><strong>sie</strong></span> <span class='ocrx_word' id='word_1_375' title='bbox 1688 4636 1777 4688; x_wconf 74' lang='lat' dir='ltr'><strong>die</strong></span> <span class='ocrx_word' id='word_1_376' title='bbox 1814 4635 2163 4692; x_wconf 71' lang='lat' dir='ltr'><strong>bandvo‘lker</strong></span> <span class='ocrx_word' id='word_1_377' title='bbox 2198 4658 2273 4693; x_wconf 76' lang='lat' dir='ltr'><strong>au</strong></span> <span class='ocrx_word' id='word_1_378' title='bbox 2316 4641 2467 4694; x_wconf 76' lang='lat' dir='ltr'><strong>Bor-d</strong></span> <span class='ocrx_word' id='word_1_379' title='bbox 2498 4658 2857 4710; x_wconf 77' lang='lat' dir='ltr'><strong>genommeu,</strong></span> <span class='ocrx_word' id='word_1_380' title='bbox 2912 4639 2973 4692; x_wconf 82' lang='lat' dir='ltr'><strong>iu</strong></span> 
     </span>
     <span class='ocr_line' id='line_1_38' title="bbox 390 4717 2972 4818; baseline 0.007 -49"><span class='ocrx_word' id='word_1_381' title='bbox 390 4717 556 4778; x_wconf 79' lang='lat' dir='ltr'><strong>See.&#39;’</strong></span> <span class='ocrx_word' id='word_1_382' title='bbox 627 4719 740 4774; x_wconf 83' lang='lat' dir='ltr'><strong>Sed</strong></span> <span class='ocrx_word' id='word_1_383' title='bbox 792 4735 966 4788; x_wconf 85' lang='lat' dir='ltr'><strong>quum</strong></span> <span class='ocrx_word' id='word_1_384' title='bbox 1015 4721 1379 4793; x_wconf 74' lang='lat' dir='ltr'><strong>Thucydides</strong></span> <span class='ocrx_word' id='word_1_385' title='bbox 1430 4729 1591 4782; x_wconf 84' lang='lat' dir='ltr'><strong>nullo</strong></span> <span class='ocrx_word' id='word_1_386' title='bbox 1640 4731 1813 4784; x_wconf 83' lang='lat' dir='ltr'><strong>verbo</strong></span> <span class='ocrx_word' id='word_1_387' title='bbox 1859 4730 2177 4802; x_wconf 77' lang='lat' dir='ltr'><strong>significet,</strong></span> <span class='ocrx_word' id='word_1_388' title='bbox 2244 4734 2397 4790; x_wconf 79' lang='lat' dir='ltr'><strong>istud</strong></span> <span class='ocrx_word' id='word_1_389' title='bbox 2445 4735 2663 4818; x_wconf 67' lang='lat' dir='ltr'><strong>factum</strong></span> <span class='ocrx_word' id='word_1_390' title='bbox 2705 4750 2858 4799; x_wconf 75' lang='lat' dir='ltr'><strong>esse,</strong></span> <span class='ocrx_word' id='word_1_391' title='bbox 2918 4737 2972 4787; x_wconf 78' lang='lat' dir='ltr'><strong>et</strong></span> 
     </span>
    </p>
   </div>
  </div>
 </body>
</html>
